Details,Posting Date,Description,Amount,Type,Balance,Check or Slip #
CREDIT,07/31/2017,"ONLINE TRANSFER FROM CHK ...5521 TRANSACTION#: 6406770118",2000.00,ACCT_XFER, ,,
DEBIT,07/28/2017,"VENMO 855-812-4430 NY                        07/27",-26.99,DEBIT_CARD,1525.28,,
DEBIT,07/28/2017,"VENMO 855-812-4430 NY                        07/27",-36.99,DEBIT_CARD,1552.27,,
DEBIT,07/28/2017,"VENMO 855-812-4430 NY                        07/27",-40.78,DEBIT_CARD,1589.26,,
DEBIT,07/26/2017,"OFFICIAL CHECKS CHARGE",-8.00,FEE_TRANSACTION,1630.04,,
DEBIT,07/26/2017,"Transfer to SAV XXXXXX6583 07/26",-25.00,ACCT_XFER,1638.04,,
DEBIT,07/26/2017,"WITHDRAWAL 07/26",-3688.00,MISC_DEBIT,1663.04,,
CREDIT,07/26/2017,"Online Transfer from CHK ...5521 transaction#: 6395476839",2600.00,ACCT_XFER,5351.04,,
DEBIT,07/24/2017,"VENMO 855-812-4430 NY                        07/21",-300.00,DEBIT_CARD,2751.04,,
DEBIT,07/19/2017,"COCA COLA SAN DIEGO CA SAN DIEGO CA          07/18",-1.75,DEBIT_CARD,3051.04,,
CREDIT,07/12/2017,"Online Transfer from CHK ...5521 transaction#: 6361199132",100.00,ACCT_XFER,3052.79,,
CREDIT,07/12/2017,"U.C. SAN DIEGO   UCSD APACH                 PPD ID: 3956006144",2500.00,ACH_CREDIT,2952.79,,
DEBIT,07/10/2017,"VENMO 855-812-4430 NY                        07/08",-200.00,DEBIT_CARD,452.79,,
DEBIT,07/10/2017,"VENMO 855-812-4430 NY                        07/08",-100.00,DEBIT_CARD,652.79,,
CREDIT,07/10/2017,"Online Transfer from CHK ...5521 transaction#: 6357929338",50.00,ACCT_XFER,752.79,,
DEBIT,07/07/2017,"Online Transfer to CHK ...5521 transaction#: 6353305296 07/07",-1000.00,ACCT_XFER,702.79,,
CREDIT,07/07/2017,"Online Transfer from CHK ...5521 transaction#: 6353300886",1300.00,ACCT_XFER,1702.79,,
DEBIT,07/06/2017,"La Jolla Village Smile 858-2722260 CA        07/05",-115.90,DEBIT_CARD,402.79,,
DEBIT,07/06/2017,"VENMO 855-812-4430 NY                        07/05",-105.00,DEBIT_CARD,518.69,,
DEBIT,07/05/2017,"VENMO 855-812-4430 NY                        07/04",-450.00,DEBIT_CARD,623.69,,
CREDIT,07/05/2017,"Online Transfer from CHK ...5521 transaction#: 6342525394",450.00,ACCT_XFER,1073.69,,
DEBIT,07/03/2017,"GOOGLE *YouTube Red 855-836-3987 CA          07/01",-9.99,DEBIT_CARD,623.69,,
DEBIT,06/30/2017,"VENMO 855-812-4430 NY                        06/29",-10.00,DEBIT_CARD,633.68,,
DEBIT,06/30/2017,"VENMO 855-812-4430 NY                        06/29",-40.00,DEBIT_CARD,643.68,,
CREDIT,06/28/2017,"U.C. SAN DIEGO   UCSD PAYRL                 PPD ID: 1956006144",271.67,ACH_CREDIT,683.68,,
DEBIT,06/27/2017,"Regents of UC    QuikPAY EP 374426481       WEB ID: 1364199567",-1259.92,ACH_DEBIT,412.01,,
DEBIT,06/27/2017,"RALPHS    8657 VIL LA LA JOLLA CA            06/26",-4.84,DEBIT_CARD,1671.93,,
DEBIT,06/26/2017,"VENMO 855-812-4430 NY                        06/25",-2.50,DEBIT_CARD,1676.77,,
CREDIT,06/26/2017,"VENMO            CASHOUT                    PPD ID: 5264681992",363.30,ACH_CREDIT,1679.27,,
CREDIT,06/26/2017,"Online Transfer from CHK ...5521 transaction#: 6320894620",1000.00,ACCT_XFER,1315.97,,
DEBIT,06/23/2017,"KUNG FU TEA - SAN DIEGO SAN DIEGO CA         06/22",-5.94,DEBIT_CARD,315.97,,
DEBIT,06/23/2017,"UCSD STUDENT HEALTH SVC LA JOLLA CA          06/22",-20.00,DEBIT_CARD,321.91,,
CREDIT,06/23/2017,"Online Transfer from CHK ...5521 transaction#: 6317577917",100.00,ACCT_XFER,341.91,,
CREDIT,06/23/2017,"Online Transfer from CHK ...5521 transaction#: 6317628236",200.00,ACCT_XFER,241.91,,
DEBIT,06/21/2017,"VONS     Store  2012 SAN DIEGO CA    076099  06/21",-13.45,DEBIT_CARD,41.91,,
DEBIT,06/21/2017,"IDESSERT SAN DIEGO CA                        06/21",-8.57,DEBIT_CARD,55.36,,
DEBIT,06/21/2017,"DAV ENOTECA LITTLE SAN DIEGO CA              06/20",-36.40,DEBIT_CARD,63.93,,
DEBIT,06/21/2017,"TEA CREATIONS INC SAN DIEGO CA               06/19",-6.74,DEBIT_CARD,100.33,,
DEBIT,06/20/2017,"ROBERT V BATTER LA JOLLA CA                  06/20",-33.26,DEBIT_CARD,107.07,,
DEBIT,06/20/2017,"KUNG FU TEA - SAN DIEGO SAN DIEGO CA         06/19",-5.94,DEBIT_CARD,140.33,,
DEBIT,06/20/2017,"PHO T CALI SAN DIEGO CA                      06/19",-20.21,DEBIT_CARD,146.27,,
DEBIT,06/19/2017,"VONS STORE        2012 SAN DIEGO CA  562053  06/19",-4.30,DEBIT_CARD,166.48,,
DEBIT,06/19/2017,"KUNG FU TEA - SAN DIEGO SAN DIEGO CA         06/17",-5.13,DEBIT_CARD,170.78,,
DEBIT,06/19/2017,"VALLARTA EXPRESS SAN DIEGO CA                06/16",-22.74,DEBIT_CARD,175.91,,
DEBIT,06/19/2017,"TAPIOCA EXPRESS SAN DIEGO CA                 06/15",-7.25,DEBIT_CARD,198.65,,
DEBIT,06/16/2017,"85C BAKERY CAFE USA SAN DIEGO CA             06/15",-3.00,DEBIT_CARD,205.90,,
DEBIT,06/16/2017,"85C BAKERY CAFE USA SAN DIEGO CA             06/15",-10.04,DEBIT_CARD,208.90,,
DEBIT,06/16/2017,"85C BAKERY CAFE USA SAN DIEGO CA             06/15",-9.67,DEBIT_CARD,218.94,,
DEBIT,06/16/2017,"85C BAKERY CAFE USA SAN DIEGO CA             06/15",-3.00,DEBIT_CARD,228.61,,
DEBIT,06/15/2017,"Online Transfer to CHK ...5521 transaction#: 6298232320 06/15",-3300.00,ACCT_XFER,231.61,,
DEBIT,06/15/2017,"SANTORINI GREEK ISLAND LA JOLLA CA           06/14",-8.61,DEBIT_CARD,3531.61,,
DEBIT,06/15/2017,"BURGER KING #16576 LA JOLLA CA               06/14",-5.39,DEBIT_CARD,3540.22,,
DEBIT,06/14/2017,"TAPIOCA EXPRESS SAN DIEGO CA                 06/12",-4.00,DEBIT_CARD,3545.61,,
CREDIT,06/14/2017,"U.C. SAN DIEGO   UCSD PAYRL                 PPD ID: 1956006144",279.67,ACH_CREDIT,3549.61,,
DEBIT,06/13/2017,"RALPHS    8657 VIL LA LA JOLLA CA            06/13",-4.39,DEBIT_CARD,3269.94,,
DEBIT,06/13/2017,"SANTORINI GREEK ISLAND LA JOLLA CA           06/12",-8.61,DEBIT_CARD,3274.33,,
DEBIT,06/13/2017,"UCSD PARKING 858-534-0901 CA                 06/13",-36.00,DEBIT_CARD,3282.94,,
DEBIT,06/13/2017,"TAPIOCA EXPRESS SAN DIEGO CA                 06/11",-3.50,DEBIT_CARD,3318.94,,
DEBIT,06/13/2017,"LOLITA'S TACO SHOP SAN DIEGO CA              06/09",-2.53,DEBIT_CARD,3322.44,,
DEBIT,06/13/2017,"LOLITA'S TACO SHOP SAN DIEGO CA              06/09",-4.26,DEBIT_CARD,3324.97,,
DEBIT,06/12/2017,"TEA N MORE SAN DIEGO CA                      06/09",-9.70,DEBIT_CARD,3329.23,,
DEBIT,06/12/2017,"AJISEN RAMEN SAN DIEGO CA                    06/09",-10.72,DEBIT_CARD,3338.93,,
DEBIT,06/09/2017,"TRADER JOE'S # 020 LA JOLLA CA       715622  06/09",-5.48,DEBIT_CARD,3349.65,,
DEBIT,06/09/2017,"RALPHS    8657 VIL LA LA JOLLA CA            06/09",-26.91,DEBIT_CARD,3355.13,,
DEBIT,06/09/2017,"UCSD STUDENT HEALTH SVC LA JOLLA CA          06/08",-40.00,DEBIT_CARD,3382.04,,
DEBIT,06/09/2017,"TAPIOCA EXPRESS SAN DIEGO CA                 06/07",-9.21,DEBIT_CARD,3422.04,,
DEBIT,06/09/2017,"BURGER KING #16576 LA JOLLA CA               06/08",-5.38,DEBIT_CARD,3431.25,,
DEBIT,06/08/2017,"UCSD BOOKSTORE LA JOLLA CA                   06/07",-1.07,DEBIT_CARD,3436.63,,
DEBIT,06/08/2017,"TAPIOCA EXPRESS SAN DIEGO CA                 06/06",-9.93,DEBIT_CARD,3437.70,,
DEBIT,06/07/2017,"UCSD HDH OVT DINING LA JOLLA CA              06/07",-3.94,DEBIT_CARD,3447.63,,
DEBIT,06/07/2017,"TAPIOCA EXPRESS SAN DIEGO CA                 06/05",-3.60,DEBIT_CARD,3451.57,,
DEBIT,06/06/2017,"La Jolla Village Smile 858-2722260 CA        06/05",-115.90,DEBIT_CARD,3455.17,,
DEBIT,06/06/2017,"La Scala         8888004797 N8257977        WEB ID: 1262437777",-600.00,ACH_DEBIT,3571.07,,
DEBIT,06/06/2017,"PANDA EXPRESS #786 LA JOLLA CA               06/05",-7.97,DEBIT_CARD,4171.07,,
DEBIT,06/06/2017,"UCSD BOOKSTORE LA JOLLA CA                   06/05",-1.07,DEBIT_CARD,4179.04,,
DEBIT,06/06/2017,"VENMO 855-812-4430 NY                        06/05",-22.92,DEBIT_CARD,4180.11,,
DEBIT,06/05/2017,"Chase QuickPay Electronic Transfer 6274389122 to phoung truong",-56.00,QUICKPAY_DEBIT,4203.03,,
DEBIT,06/05/2017,"MI TEA EXPRESS SAN DIEGO CA                  06/03",-4.82,DEBIT_CARD,4259.03,,
DEBIT,06/05/2017,"ROBERT V BATTERTON II LA JOLLA CA    084885  06/03",-30.48,DEBIT_CARD,4263.85,,
DEBIT,06/05/2017,"SANTORINI GREEK ISLAND LA JOLLA CA           06/02",-3.76,DEBIT_CARD,4294.33,,
DEBIT,06/05/2017,"RAMEN RAKI RAKI SAN DIEGO CA                 06/02",-12.59,DEBIT_CARD,4298.09,,
DEBIT,06/02/2017,"GOOGLE *YouTube Red 855-492-5538 CA          06/02",-9.99,DEBIT_CARD,4310.68,,
DEBIT,06/02/2017,"TAPIOCA EXPRESS - SAN SAN DIEGO CA           06/02",-5.67,DEBIT_CARD,4320.67,,
DEBIT,06/02/2017,"TAPIOCA EXPRESS SAN DIEGO CA                 05/31",-5.76,DEBIT_CARD,4326.34,,
DEBIT,06/02/2017,"VENMO 855-812-4430 NY                        06/01",-1.00,DEBIT_CARD,4332.10,,
DEBIT,06/02/2017,"VENMO 855-812-4430 NY                        06/01",-10.00,DEBIT_CARD,4333.10,,
DEBIT,06/01/2017,"BURGER KING #16576 LA JOLLA CA               05/31",-5.39,DEBIT_CARD,4343.10,,
CREDIT,05/31/2017,"U.C. SAN DIEGO   UCSD PAYRL                 PPD ID: 1956006144",590.47,ACH_CREDIT,4348.49,,
DEBIT,05/30/2017,"USA*SNACK SODA VENDING LA JOLLA CA           05/29",-1.70,DEBIT_CARD,3758.02,,
DEBIT,05/30/2017,"USA*SNACK SODA VENDING LA JOLLA CA           05/29",-1.70,DEBIT_CARD,3759.72,,
DEBIT,05/30/2017,"USA*SNACK SODA VENDING LA JOLLA CA           05/29",-1.70,DEBIT_CARD,3761.42,,
DEBIT,05/30/2017,"VENMO 855-812-4430 NY                        05/28",-5.12,DEBIT_CARD,3763.12,,
DEBIT,05/30/2017,"VENMO 855-812-4430 NY                        05/28",-11.00,DEBIT_CARD,3768.24,,
DEBIT,05/30/2017,"KUNG FU TEA - SAN DIEGO SAN DIEGO CA         05/27",-5.13,DEBIT_CARD,3779.24,,
DEBIT,05/30/2017,"KATSU CAFE SAN DIEGO CA                      05/27",-9.43,DEBIT_CARD,3784.37,,
DEBIT,05/30/2017,"99 RANCH #1016 SAN DIEGO CA                  05/27",-12.46,DEBIT_CARD,3793.80,,
DEBIT,05/30/2017,"RALPHS    8657 VIL LA LA JOLLA CA            05/27",-5.92,DEBIT_CARD,3806.26,,
DEBIT,05/30/2017,"99 RANCH #1016 SAN DIEGO CA                  05/26",-3.58,DEBIT_CARD,3812.18,,
DEBIT,05/30/2017,"VENMO 855-812-4430 NY                        05/27",-5.00,DEBIT_CARD,3815.76,,
DEBIT,05/30/2017,"BURGER KING #16576 LA JOLLA CA               05/26",-5.39,DEBIT_CARD,3820.76,,
DEBIT,05/30/2017,"BURGER KING #16576 LA JOLLA CA               05/26",-5.39,DEBIT_CARD,3826.15,,
DEBIT,05/30/2017,"AMAZON PICKUP POINTS 877-345-0975 WA         05/27",-2.10,DEBIT_CARD,3831.54,,
DEBIT,05/26/2017,"RALPHS    8657 VIL LA LA JOLLA CA            05/26",-11.46,DEBIT_CARD,3833.64,,
DEBIT,05/26/2017,"TAPIOCA EXPRESS SAN DIEGO CA                 05/24",-4.50,DEBIT_CARD,3845.10,,
DEBIT,05/26/2017,"AMAZON MKTPLACE PMTS AMZN.COM/BILL WA        05/26",-21.49,DEBIT_CARD,3849.60,,
DEBIT,05/25/2017,"UCSD BOOKSTORE LA JOLLA CA                   05/24",-1.07,DEBIT_CARD,3871.09,,
DEBIT,05/24/2017,"AMAZON MKTPLACE PMTS AMZN.COM/BILL WA        05/24",-20.50,DEBIT_CARD,3872.16,,
DEBIT,05/23/2017,"POKE UTC SAN DIEGO CA                        05/23",-10.72,DEBIT_CARD,3892.66,,
DEBIT,05/23/2017,"AMAZON MKTPLACE PMTS AMZN.COM/BILL WA        05/23",-11.43,DEBIT_CARD,3903.38,,
DEBIT,05/22/2017,"RALPHS    8657 VIL LA LA JOLLA CA            05/22",-6.49,DEBIT_CARD,3914.81,,
DEBIT,05/22/2017,"JAMBA JUICE #371 LA JOLLA CA                 05/21",-6.50,DEBIT_CARD,3921.30,,
DEBIT,05/22/2017,"AMAZON MKTPLACE PMTS AMZN.COM/BILL WA        05/22",-10.95,DEBIT_CARD,3927.80,,
DEBIT,05/22/2017,"VENMO 855-812-4430 NY                        05/21",-12.00,DEBIT_CARD,3938.75,,
DEBIT,05/22/2017,"LAZ PARKING 140564 SAN DIEGO CA              05/20",-5.00,DEBIT_CARD,3950.75,,
DEBIT,05/22/2017,"ROBERT V BATTERTON II LA JOLLA CA    086624  05/20",-28.82,DEBIT_CARD,3955.75,,
DEBIT,05/22/2017,"TAPIOCA EXPRESS SAN DIEGO CA                 05/19",-10.96,DEBIT_CARD,3984.57,,
DEBIT,05/22/2017,"UCSD BOOKSTORE LA JOLLA CA                   05/19",-1.04,DEBIT_CARD,3995.53,,
DEBIT,05/19/2017,"UCSD BOOKSTORE LA JOLLA CA                   05/18",-3.07,DEBIT_CARD,3996.57,,
DEBIT,05/19/2017,"SANTORINI GREEK ISLAND LA JOLLA CA           05/18",-8.39,DEBIT_CARD,3999.64,,
DEBIT,05/19/2017,"TAPIOCA EXPRESS SAN DIEGO CA                 05/17",-3.83,DEBIT_CARD,4008.03,,
DEBIT,05/18/2017,"UCSD BOOKSTORE LA JOLLA CA                   05/17",-1.07,DEBIT_CARD,4011.86,,
DEBIT,05/15/2017,"ZION MARKET - SD SAN DIEGO CA                05/14",-12.25,DEBIT_CARD,4012.93,,
DEBIT,05/15/2017,"99 RANCH #1016 SAN DIEGO CA                  05/14",-14.25,DEBIT_CARD,4025.18,,
DEBIT,05/15/2017,"RALPHS    8657 VIL LA LA JOLLA CA            05/13",-22.66,DEBIT_CARD,4039.43,,
DEBIT,05/15/2017,"COCA COLA SAN DIEGO CA SAN DIEGO CA          05/12",-1.75,DEBIT_CARD,4062.09,,
DEBIT,05/12/2017,"SHARETEA SAN DIEGO CA                        05/12",-5.12,DEBIT_CARD,4063.84,,
DEBIT,05/12/2017,"UCSD BOOKSTORE LA JOLLA CA                   05/11",-1.07,DEBIT_CARD,4068.96,,
DEBIT,05/12/2017,"SANTORINI GREEK ISLAND LA JOLLA CA           05/11",-8.61,DEBIT_CARD,4070.03,,
DEBIT,05/12/2017,"BURGER KING #16576 LA JOLLA CA               05/11",-2.90,DEBIT_CARD,4078.64,,
DEBIT,05/12/2017,"MCDONALD'S F11181 SAN DIEGO CA               05/10",-3.86,DEBIT_CARD,4081.54,,
DEBIT,05/11/2017,"UCSD BOOKSTORE LA JOLLA CA                   05/10",-1.07,DEBIT_CARD,4085.40,,
DEBIT,05/09/2017,"RALPHS    8657 VIL LA LA JOLLA CA            05/08",-34.09,DEBIT_CARD,4086.47,,
DEBIT,05/09/2017,"UCSD BOOKSTORE LA JOLLA CA                   05/08",-1.07,DEBIT_CARD,4120.56,,
DEBIT,05/09/2017,"UCSD BOOKSTORE LA JOLLA CA                   05/08",-1.07,DEBIT_CARD,4121.63,,
DEBIT,05/09/2017,"UCSD BOOKSTORE LA JOLLA CA                   05/08",-9.05,DEBIT_CARD,4122.70,,
DEBIT,05/09/2017,"UCSD BOOKSTORE LA JOLLA CA                   05/08",-1.79,DEBIT_CARD,4131.75,,
DEBIT,05/08/2017,"UCSD BOOKSTORE LA JOLLA CA                   05/07",-1.07,DEBIT_CARD,4133.54,,
DEBIT,05/08/2017,"UCSD BOOKSTORE LA JOLLA CA                   05/07",-3.58,DEBIT_CARD,4134.61,,
DEBIT,05/08/2017,"USA*SNACK SODA VENDING VISTA CA              05/07",-1.70,DEBIT_CARD,4138.19,,
DEBIT,05/08/2017,"TAPIOCA EXPRESS SAN DIEGO CA                 05/06",-4.75,DEBIT_CARD,4139.89,,
DEBIT,05/08/2017,"ROBERT V BATTER LA JOLLA CA                  05/06",-22.79,DEBIT_CARD,4144.64,,
DEBIT,05/08/2017,"TAPIOCA EXPRESS SAN DIEGO CA                 05/05",-10.96,DEBIT_CARD,4167.43,,
DEBIT,05/05/2017,"La Scala         8888004797 N8090549        WEB ID: 1262437777",-600.00,ACH_DEBIT,4178.39,,
CREDIT,05/05/2017,"VENMO            CASHOUT                    PPD ID: 5264681992",1215.46,ACH_CREDIT,4778.39,,
DEBIT,05/04/2017,"UCSD BOOKSTORE LA JOLLA CA                   05/03",-1.07,DEBIT_CARD,3562.93,,
CREDIT,05/03/2017,"U.C. SAN DIEGO   UCSD PAYRL                 PPD ID: 1956006144",538.96,ACH_CREDIT,3564.00,,
DEBIT,05/02/2017,"GOOGLE *YouTube Red 855-492-5538 CA          05/02",-9.99,DEBIT_CARD,3025.04,,
DEBIT,05/02/2017,"La Jolla Village Smiles LA JOLLA CA          05/01",-750.00,DEBIT_CARD,3035.03,,
DEBIT,05/01/2017,"RALPHS    8657 VIL LA LA JOLLA CA            05/01",-3.38,DEBIT_CARD,3785.03,,
DEBIT,05/01/2017,"RALPHS    8657 VIL LA LA JOLLA CA            04/30",-12.41,DEBIT_CARD,3788.41,,
DEBIT,05/01/2017,"SQ *GUILTEA CRAVINGS San Diego CA            04/29",-5.33,DEBIT_CARD,3800.82,,
DEBIT,05/01/2017,"LITTLE SHEEP MONGOLIAN SAN DIEGO CA          04/29",-21.00,DEBIT_CARD,3806.15,,
DEBIT,05/01/2017,"SQ *IT'S BOBA TIME SD San Diego CA           04/29",-4.35,DEBIT_CARD,3827.15,,
DEBIT,05/01/2017,"KATSU CAFE SAN DIEGO CA                      04/29",-10.24,DEBIT_CARD,3831.50,,
DEBIT,05/01/2017,"TAPIOCA EXPRESS SAN DIEGO CA                 04/28",-5.25,DEBIT_CARD,3841.74,,
DEBIT,05/01/2017,"UCSD BOOKSTORE LA JOLLA CA                   04/28",-1.79,DEBIT_CARD,3846.99,,
DEBIT,05/01/2017,"BURGER KING #16576 LA JOLLA CA               04/29",-2.47,DEBIT_CARD,3848.78,,
DEBIT,05/01/2017,"TAPIOCA EXPRESS SAN DIEGO CA                 04/27",-8.89,DEBIT_CARD,3851.25,,
DEBIT,04/27/2017,"SAKURA SAN DIEGO CA                          04/27",-13.04,DEBIT_CARD,3860.14,,
DEBIT,04/27/2017,"UCSD BOOKSTORE LA JOLLA CA                   04/26",-1.79,DEBIT_CARD,3873.18,,
DEBIT,04/26/2017,"RALPHS    8657 VIL LA LA JOLLA CA            04/25",-8.99,DEBIT_CARD,3874.97,,
DEBIT,04/26/2017,"TAPIOCA EXPRESS SAN DIEGO CA                 04/24",-5.25,DEBIT_CARD,3883.96,,
DEBIT,04/25/2017,"SHARETEA SAN DIEGO CA                        04/22",-5.12,DEBIT_CARD,3889.21,,
DEBIT,04/25/2017,"BOMBAY COAST LA JOLLA CA                     04/22",-10.72,DEBIT_CARD,3894.33,,
DEBIT,04/24/2017,"UCSD BOOKSTORE LA JOLLA CA                   04/23",-1.07,DEBIT_CARD,3905.05,,
DEBIT,04/24/2017,"ROBERT V BATTER LA JOLLA CA                  04/23",-31.69,DEBIT_CARD,3906.12,,
DEBIT,04/24/2017,"AMAZON PICKUP POINTS 877-345-0975 WA         04/23",-59.25,DEBIT_CARD,3937.81,,
DEBIT,04/24/2017,"IN N OUT BURGER 068 SAN DIEGO CA             04/22",-7.65,DEBIT_CARD,3997.06,,
DEBIT,04/24/2017,"UCSD BOOKSTORE LA JOLLA CA                   04/21",-1.79,DEBIT_CARD,4004.71,,
DEBIT,04/24/2017,"UCSD BOOKSTORE LA JOLLA CA                   04/21",-1.79,DEBIT_CARD,4006.50,,
DEBIT,04/21/2017,"UCSD BOOKSTORE LA JOLLA CA                   04/20",-1.07,DEBIT_CARD,4008.29,,
DEBIT,04/20/2017,"BURGER KING #16576 LA JOLLA CA               04/19",-2.47,DEBIT_CARD,4009.36,,
CREDIT,04/20/2017,"U.C. SAN DIEGO   UCSD APACH                 PPD ID: 3956006144",75.00,ACH_CREDIT,4011.83,,
DEBIT,04/19/2017,"RALPHS    8657 VIL LA LA JOLLA CA            04/18",-20.72,DEBIT_CARD,3936.83,,
DEBIT,04/19/2017,"TAPIOCA EXPRESS SAN DIEGO CA                 04/17",-5.25,DEBIT_CARD,3957.55,,
DEBIT,04/19/2017,"AMAZON PICKUP POINTS 877-345-0975 WA         04/18",-34.88,DEBIT_CARD,3962.80,,
DEBIT,04/18/2017,"SAN DIEGO ICE ARENA 858-530-1825 CA          04/17",-24.00,DEBIT_CARD,3997.68,,
DEBIT,04/18/2017,"AMAZON MKTPLACE PMTS AMZN.COM/BILL WA        04/17",-7.01,DEBIT_CARD,4021.68,,
DEBIT,04/17/2017,"AMAZON MKTPLACE PMTS AMZN.COM/BILL WA        04/17",-73.43,DEBIT_CARD,4028.69,,
DEBIT,04/17/2017,"RALPHS    8657 VIL LA LA JOLLA CA            04/16",-5.49,DEBIT_CARD,4102.12,,
DEBIT,04/17/2017,"SQ *THE BAKED BEAR OF C San Diego CA         04/15",-1.00,DEBIT_CARD,4107.61,,
DEBIT,04/17/2017,"STARBUCKS STORE 00530 SAN DIEGO CA           04/15",-12.65,DEBIT_CARD,4108.61,,
DEBIT,04/17/2017,"BURGER KING #16576 LA JOLLA CA               04/14",-3.00,DEBIT_CARD,4121.26,,
DEBIT,04/14/2017,"RALPHS    8657 VIL LA LA JOLLA CA            04/14",-9.30,DEBIT_CARD,4124.26,,
DEBIT,04/13/2017,"FAIRBANKS COFFEE LA JOLLA CA                 04/12",-4.35,DEBIT_CARD,4133.56,,
DEBIT,04/13/2017,"TAPIOCA EXPRESS SAN DIEGO CA                 04/11",-9.76,DEBIT_CARD,4137.91,,
DEBIT,04/12/2017,"BOMBAY COAST LA JOLLA CA                     04/10",-8.57,DEBIT_CARD,4147.67,,
DEBIT,04/11/2017,"UCSD BOOKSTORE LA JOLLA CA                   04/10",-1.07,DEBIT_CARD,4156.24,,
DEBIT,04/11/2017,"VALLARTA EXPRESS SAN DIEGO CA                04/10",-26.51,DEBIT_CARD,4157.31,,
DEBIT,04/11/2017,"TAPIOCA EXPRESS SAN DIEGO CA                 04/09",-5.25,DEBIT_CARD,4183.82,,
DEBIT,04/10/2017,"RUBIO'S #165 LA JOLLA CA                     04/09",-6.23,DEBIT_CARD,4189.07,,
DEBIT,04/10/2017,"RALPHS    8657 VIL LA LA JOLLA CA            04/08",-7.79,DEBIT_CARD,4195.30,,
DEBIT,04/10/2017,"PHO UTC & GRILL SAN DIEGO CA                 04/08",-11.24,DEBIT_CARD,4203.09,,
DEBIT,04/10/2017,"PHO UTC & GRILL SAN DIEGO CA                 04/08",-10.69,DEBIT_CARD,4214.33,,
DEBIT,04/10/2017,"ROBERT V BATTERTON II LA JOLLA CA    002098  04/08",-32.97,DEBIT_CARD,4225.02,,
DEBIT,04/10/2017,"RALPHS    8657 VIL LA LA JOLLA CA            04/08",-8.61,DEBIT_CARD,4257.99,,
DEBIT,04/10/2017,"BURGER KING #16576 LA JOLLA CA               04/08",-5.38,DEBIT_CARD,4266.60,,
DEBIT,04/07/2017,"UCSD TS CAMPUS&THORNTO LA JOLLA CA   075147  04/07",-43.00,DEBIT_CARD,4271.98,,
DEBIT,04/06/2017,"AMAZON PICKUP POINTS 877-345-0975 WA         04/06",-10.76,DEBIT_CARD,4314.98,,
DEBIT,04/05/2017,"UCSD BOOKSTORE LA JOLLA CA                   04/04",-1.07,DEBIT_CARD,4325.74,,
DEBIT,04/05/2017,"BURGER KING #16576 LA JOLLA CA               04/04",-3.00,DEBIT_CARD,4326.81,,
CREDIT,04/05/2017,"U.C. SAN DIEGO   UCSD PAYRL                 PPD ID: 1956006144",319.67,ACH_CREDIT,4329.81,,
DEBIT,04/04/2017,"La Scala         8888004797 N7894232        WEB ID: 1262437777",-600.00,ACH_DEBIT,4010.14,,
DEBIT,04/04/2017,"UCSD BOOKSTORE LA JOLLA CA                   04/03",-1.79,DEBIT_CARD,4610.14,,
DEBIT,04/04/2017,"UCSD BOOKSTORE LA JOLLA CA                   04/03",-0.30,DEBIT_CARD,4611.93,,
DEBIT,04/04/2017,"UCSD BOOKSTORE LA JOLLA CA                   04/03",-4.82,DEBIT_CARD,4612.23,,
DEBIT,04/03/2017,"GOOGLE *YouTube Red 855-492-5538 CA          04/02",-9.99,DEBIT_CARD,4617.05,,
DEBIT,04/03/2017,"99 RANCH #1016 7330 CL SAN DIEGO CA  314050  04/02",-33.85,DEBIT_CARD,4627.04,,
DEBIT,04/03/2017,"SQ *BB2 San Diego CA                         04/02",-5.12,DEBIT_CARD,4660.89,,
DEBIT,04/03/2017,"RALPHS 8657 VIL LA JOL LA JOLLA CA   709484  04/02",-2.16,DEBIT_CARD,4666.01,,
DEBIT,04/03/2017,"THE HOME DEPOT #0680 SAN DIEGO CA    752103  04/02",-47.82,DEBIT_CARD,4668.17,,
DEBIT,04/03/2017,"RALPHS    8657 VIL LA LA JOLLA CA            04/02",-4.99,DEBIT_CARD,4715.99,,
DEBIT,04/03/2017,"PETRO WHEELER RIDGE #3 LEBEC CA      019812  04/01",-7.00,DEBIT_CARD,4720.98,,
DEBIT,04/03/2017,"EXXONMOBIL    97260350 LEBEC CA              04/01",-28.88,DEBIT_CARD,4727.98,,
DEBIT,04/03/2017,"MCDONALD'S F6853 SANTA NELLA CA              04/01",-2.99,DEBIT_CARD,4756.86,,
DEBIT,04/03/2017,"MCDONALD'S F6853 SANTA NELLA CA              04/01",-7.04,DEBIT_CARD,4759.85,,
DEBIT,04/03/2017,"RALEY'S #343 BENICIA CA              739596  03/31",-14.39,DEBIT_CARD,4766.89,,
DEBIT,04/03/2017,"CHEVRON 0090319 VALLEJO CA                   04/01",-28.30,DEBIT_CARD,4781.28,,
DEBIT,04/03/2017,"KRISPY KREME #1021 DALY CITY CA              03/30",-1.39,DEBIT_CARD,4809.58,,
DEBIT,04/03/2017,"KRISPY KREME #1021 DALY CITY CA              03/30",-4.17,DEBIT_CARD,4810.97,,
DEBIT,03/31/2017,"PERILLA SAN FRANCISCO CA                     03/30",-52.41,DEBIT_CARD,4815.14,,
DEBIT,03/31/2017,"CCSF MTA IPS PRKNG M SAN FRANCISCO CA        03/30",-0.77,DEBIT_CARD,4867.55,,
DEBIT,03/31/2017,"SQ *TPUMPS INC San Francisco CA              03/30",-6.50,DEBIT_CARD,4868.32,,
DEBIT,03/31/2017,"CCSF MTA IPS PRKNG M SAN FRANCISCO CA        03/30",-0.75,DEBIT_CARD,4874.82,,
DEBIT,03/31/2017,"CHEVRON 0090319 VALLEJO CA                   03/30",-20.57,DEBIT_CARD,4875.57,,
CREDIT,03/31/2017,"U.C. SAN DIEGO   UCSD APACH                 PPD ID: 3956006144",4151.57,ACH_CREDIT,4896.14,,
DEBIT,03/30/2017,"MELS DRIVE-IN 5 SAN FRANCISCO CA             03/30",-8.44,DEBIT_CARD,744.57,,
DEBIT,03/30/2017,"CHEVRON 0090319 VALLEJO CA                   03/29",-31.63,DEBIT_CARD,753.01,,
DEBIT,03/29/2017,"THE PIE HOLE LOS ANGELES CA                  03/27",-7.34,DEBIT_CARD,784.64,,
DEBIT,03/28/2017,"7-ELEVEN SAN FRANCISCO CA                    03/28",-1.83,DEBIT_CARD,791.98,,
DEBIT,03/27/2017,"COSTCO WHSE #0146 LIVERMORE CA       577846  03/27",-4.91,DEBIT_CARD,793.81,,
DEBIT,03/27/2017,"NIJIYA MARKET #38 LOS ANGELES CA             03/26",-25.26,DEBIT_CARD,798.72,,
DEBIT,03/27/2017,"7 LEAVES CAFE IRVINE CA                      03/26",-15.00,DEBIT_CARD,823.98,,
DEBIT,03/27/2017,"BURGER LOUNGE 1001 LA JOLLA CA               03/25",-8.61,DEBIT_CARD,838.98,,
DEBIT,03/27/2017,"UCSD PARKING FLEX LA JOLLA CA                03/25",-4.00,DEBIT_CARD,847.59,,
DEBIT,03/27/2017,"MCDONALD'S F11181 SAN DIEGO CA               03/24",-8.60,DEBIT_CARD,851.59,,
DEBIT,03/27/2017,"UCSD BOOKSTORE LA JOLLA CA                   03/24",-1.07,DEBIT_CARD,860.19,,
DEBIT,03/27/2017,"TAPIOCA EXPRESS SAN DIEGO CA                 03/24",-5.78,DEBIT_CARD,861.26,,
DEBIT,03/27/2017,"Amazon.com AMZN.COM/BILL WA                  03/25",-21.66,DEBIT_CARD,867.04,,
DEBIT,03/27/2017,"YOGURT WORLD MIRA MESA SAN DIEGO CA          03/24",-4.26,DEBIT_CARD,888.70,,
DEBIT,03/24/2017,"RALPHS 8657 VIL LA JOL LA JOLLA CA   654357  03/24",-1.85,DEBIT_CARD,892.96,,
DEBIT,03/24/2017,"UCSD BOOKSTORE LA JOLLA CA                   03/23",-1.69,DEBIT_CARD,894.81,,
DEBIT,03/24/2017,"UCSD BOOKSTORE LA JOLLA CA                   03/23",-2.30,DEBIT_CARD,896.50,,
DEBIT,03/24/2017,"BOMBAY COAST LA JOLLA CA                     03/22",-17.13,DEBIT_CARD,898.80,,
DEBIT,03/24/2017,"BURGER KING #16576 LA JOLLA CA               03/23",-2.90,DEBIT_CARD,915.93,,
DEBIT,03/23/2017,"UCSD BOOKSTORE LA JOLLA CA                   03/22",-3.53,DEBIT_CARD,918.83,,
DEBIT,03/22/2017,"TAPIOCA EXPRESS SAN DIEGO CA                 03/20",-4.05,DEBIT_CARD,922.36,,
CREDIT,03/22/2017,"U.C. SAN DIEGO   UCSD PAYRL                 PPD ID: 1956006144",367.65,ACH_CREDIT,926.41,,
DEBIT,03/21/2017,"SANTORINI GREEK ISLAND LA JOLLA CA           03/20",-8.61,DEBIT_CARD,558.76,,
DEBIT,03/21/2017,"UCSD STARBUCKS PRICE CT LA JOLLA CA          03/20",-3.73,DEBIT_CARD,567.37,,
DEBIT,03/20/2017,"JAMBA JUICE #16 LA JOLLA CA                  03/18",-16.50,DEBIT_CARD,571.10,,
DEBIT,03/20/2017,"SAN DIEGO LIVING ROOM I LA JOLLA CA          03/18",-5.99,DEBIT_CARD,587.60,,
DEBIT,03/20/2017,"SUBWAY        00177097 LA JOLLA CA           03/18",-3.50,DEBIT_CARD,593.59,,
DEBIT,03/20/2017,"BURGER KING #16576 LA JOLLA CA               03/18",-3.00,DEBIT_CARD,597.09,,
DEBIT,03/20/2017,"GOOGLE *Domains g.co/payhelp# CA             03/17",-12.00,DEBIT_CARD,600.09,,
DEBIT,03/17/2017,"JAMBA JUICE #371 LA JOLLA CA                 03/14",-6.50,DEBIT_CARD,612.09,,
DEBIT,03/15/2017,"RALPHS    8657 VIL LA LA JOLLA CA            03/14",-18.68,DEBIT_CARD,618.59,,
DEBIT,03/15/2017,"UCSD BOOKSTORE LA JOLLA CA                   03/14",-1.07,DEBIT_CARD,637.27,,
DEBIT,03/15/2017,"SUBWAY        00177097 LA JOLLA CA           03/14",-11.04,DEBIT_CARD,638.34,,
DEBIT,03/15/2017,"UCSD BOOKSTORE LA JOLLA CA                   03/14",-5.38,DEBIT_CARD,649.38,,
DEBIT,03/14/2017,"UCSD BOOKSTORE LA JOLLA CA                   03/13",-5.28,DEBIT_CARD,654.76,,
DEBIT,03/13/2017,"KUNG FU TEA - SAN DIEGO SAN DIEGO CA         03/11",-5.40,DEBIT_CARD,660.04,,
DEBIT,03/13/2017,"CLAIREMNT TOWNSQ THEATE SAN DIEGO CA         03/11",-8.75,DEBIT_CARD,665.44,,
DEBIT,03/13/2017,"TAPIOCA EXPRESS SAN DIEGO CA                 03/10",-4.50,DEBIT_CARD,674.19,,
DEBIT,03/13/2017,"BURGER KING #16576 LA JOLLA CA               03/10",-3.00,DEBIT_CARD,678.69,,
DEBIT,03/08/2017,"RALPHS    8657 VIL LA LA JOLLA CA            03/07",-37.21,DEBIT_CARD,681.69,,
DEBIT,03/08/2017,"JAMBA JUICE #371 LA JOLLA CA                 03/07",-6.50,DEBIT_CARD,718.90,,
DEBIT,03/08/2017,"BURGER KING #16576 LA JOLLA CA               03/07",-1.50,DEBIT_CARD,725.40,,
CREDIT,03/08/2017,"U.C. SAN DIEGO   UCSD PAYRL                 PPD ID: 1956006144",637.08,ACH_CREDIT,726.90,,
DEBIT,03/07/2017,"TAPIOCA EXPRESS SAN DIEGO CA                 03/05",-4.50,DEBIT_CARD,89.82,,
DEBIT,03/07/2017,"TAPIOCA EXPRESS SAN DIEGO CA                 03/05",-11.19,DEBIT_CARD,94.32,,
DEBIT,03/06/2017,"AmazonPrime Membersh amzn.com/prme WA        03/05",-53.10,DEBIT_CARD,105.51,,
DEBIT,03/06/2017,"La Scala         8888004797 N7743922        WEB ID: 1262437777",-600.00,ACH_DEBIT,158.61,,
DEBIT,03/06/2017,"UCSD BOOKSTORE LA JOLLA CA                   03/05",-7.53,DEBIT_CARD,758.61,,
DEBIT,03/06/2017,"JAMBA JUICE #371 LA JOLLA CA                 03/05",-6.50,DEBIT_CARD,766.14,,
DEBIT,03/06/2017,"JAMBA JUICE #371 LA JOLLA CA                 03/03",-6.50,DEBIT_CARD,772.64,,
DEBIT,03/06/2017,"JAMBA JUICE #371 LA JOLLA CA                 03/03",-6.50,DEBIT_CARD,779.14,,
DEBIT,03/06/2017,"TAPIOCA EXPRESS SAN DIEGO CA                 03/02",-8.91,DEBIT_CARD,785.64,,
CREDIT,03/06/2017,"Online Transfer from CHK ...5521 transaction#: 6056344894",100.00,ACCT_XFER,794.55,,
DEBIT,03/02/2017,"YOGURT WORLD MIRA MESA SAN DIEGO CA          03/01",-3.27,DEBIT_CARD,694.55,,
DEBIT,03/02/2017,"TACO VILLA LA JOLLA CA                       03/02",-4.62,DEBIT_CARD,697.82,,
DEBIT,03/02/2017,"TRADER JOE'S #020  QPS LAJOLLA CA            03/01",-1.99,DEBIT_CARD,702.44,,
DEBIT,03/02/2017,"BURGER KING #16576 LA JOLLA CA               03/01",-3.97,DEBIT_CARD,704.43,,
DEBIT,03/01/2017,"MARSHALLS 8567 VILLA L LA JOLLA CA           03/01",-16.15,DEBIT_CARD,708.40,,
DEBIT,02/28/2017,"SANTORINI GREEK ISLAND LA JOLLA CA           02/28",-8.61,DEBIT_CARD,724.55,,
DEBIT,02/28/2017,"UCSD-BOOKSTORES LA JOLLA CA                  02/27",-14.01,DEBIT_CARD,733.16,,
DEBIT,02/28/2017,"PAYPAL *LYFT RIDE MON 402-935-7733 CA        02/27",-5.06,DEBIT_CARD,747.17,,
CREDIT,02/28/2017,"Online Transfer from CHK ...5521 transaction#: 6038735754",700.00,ACCT_XFER,752.23,,
DEBIT,02/27/2017,"UCSD TRITON SVCES 858-822-1255 CA            02/27",-50.00,DEBIT_CARD,52.23,,
DEBIT,02/27/2017,"BURGER KING #16576 LA JOLLA CA               02/26",-3.00,DEBIT_CARD,102.23,,
DEBIT,02/27/2017,"TAPIOCA EXPRESS SAN DIEGO CA                 02/24",-4.50,DEBIT_CARD,105.23,,
DEBIT,02/27/2017,"TACO VILLA LA JOLLA CA                       02/25",-6.67,DEBIT_CARD,109.73,,
DEBIT,02/27/2017,"UBER TECHNOLOGIES INC 8005928996 CA          02/24",-4.99,DEBIT_CARD,116.40,,
DEBIT,02/24/2017,"Online Transfer to CHK ...5521 transaction#: 6031954065 02/24",-300.00,ACCT_XFER,121.39,,
DEBIT,02/23/2017,"PANDA EXPRESS #786 LA JOLLA CA               02/22",-7.97,DEBIT_CARD,421.39,,
CREDIT,02/22/2017,"ATM CASH DEPOSIT 02/22 9700 GILMAN DR LA JOLLA CA",200.00,ATM,429.36,,
DEBIT,02/21/2017,"BELINDAS MEXICAN FOO SPRING VALLEY CA        02/21",-7.25,DEBIT_CARD,229.36,,
DEBIT,02/21/2017,"CONVOY TOFU HOUSE A SAN DIEGO CA             02/20",-86.78,DEBIT_CARD,236.61,,
DEBIT,02/21/2017,"USA*SNACK SODA VENDING VISTA CA              02/20",-1.70,DEBIT_CARD,323.39,,
DEBIT,02/21/2017,"TAPIOCA EXPRESS SAN DIEGO CA                 02/18",-5.25,DEBIT_CARD,325.09,,
DEBIT,02/21/2017,"SANTORINI GREEK ISLAND LA JOLLA CA           02/18",-5.92,DEBIT_CARD,330.34,,
DEBIT,02/16/2017,"IN-N-OUT BURGER #69 SAN DIEGO CA             02/15",-2.48,DEBIT_CARD,336.26,,
DEBIT,02/16/2017,"IN-N-OUT BURGER #69 SAN DIEGO CA             02/15",-10.61,DEBIT_CARD,338.74,,
DEBIT,02/16/2017,"Amazon.com AMZN.COM/BILL WA                  02/16",-11.64,DEBIT_CARD,349.35,,
DEBIT,02/16/2017,"BURGER KING #16576 LA JOLLA CA               02/15",-1.50,DEBIT_CARD,360.99,,
DEBIT,02/16/2017,"BURGER KING #16576 LA JOLLA CA               02/15",-1.50,DEBIT_CARD,362.49,,
DEBIT,02/15/2017,"BURGER KING #16576 LA JOLLA CA               02/14",-1.50,DEBIT_CARD,363.99,,
DEBIT,02/15/2017,"TAPIOCA EXPRESS SAN DIEGO CA                 02/13",-5.78,DEBIT_CARD,365.49,,
DEBIT,02/13/2017,"VONS STORE        2012 SAN DIEGO CA  039713  02/12",-0.64,DEBIT_CARD,371.27,,
DEBIT,02/13/2017,"RALPHS    8657 VIL LA LA JOLLA CA            02/12",-7.95,DEBIT_CARD,371.91,,
DEBIT,02/13/2017,"Online Transfer to CHK ...5521 transaction#: 6003180899 02/13",-2.00,ACCT_XFER,379.86,,
DEBIT,02/13/2017,"SUBWAY        00177097 LA JOLLA CA           02/12",-2.68,DEBIT_CARD,381.86,,
DEBIT,02/13/2017,"99 RANCH #1016 7330 CL SAN DIEGO CA  447799  02/11",-19.57,DEBIT_CARD,384.54,,
DEBIT,02/13/2017,"BOMBAY COAST LA JOLLA CA                     02/10",-8.57,DEBIT_CARD,404.11,,
DEBIT,02/13/2017,"BURGER KING #16576 LA JOLLA CA               02/10",-1.50,DEBIT_CARD,412.68,,
DEBIT,02/09/2017,"Online Transfer to CHK ...5521 transaction#: 5996178864 02/09",-3626.00,ACCT_XFER,414.18,,
CREDIT,02/09/2017,"U.C. SAN DIEGO   UCSD APACH                 PPD ID: 3956006144",3628.00,ACH_CREDIT,4040.18,,
DEBIT,02/08/2017,"UCSD-BOOKSTORES LA JOLLA CA                  02/07",-3.36,DEBIT_CARD,412.18,,
CREDIT,02/08/2017,"U.C. SAN DIEGO   UCSD PAYRL                 PPD ID: 1956006144",306.06,ACH_CREDIT,415.54,,
DEBIT,02/07/2017,"La Scala         8888004797 N7597000        WEB ID: 1262437777",-600.00,ACH_DEBIT,109.48,,
DEBIT,02/07/2017,"AMAZON MKTPLACE PMTS AMZN.COM/BILL WA        02/06",-30.23,DEBIT_CARD,709.48,,
DEBIT,02/07/2017,"PAYPAL *ZHANG TAO 402-935-7733 CA            02/05",-3.84,DEBIT_CARD,739.71,,
DEBIT,02/07/2017,"TAPIOCA EXPRESS SAN DIEGO CA                 02/05",-3.83,DEBIT_CARD,743.55,,
CREDIT,02/07/2017,"Online Transfer from CHK ...5521 transaction#: 5991591066",100.00,ACCT_XFER,747.38,,
DEBIT,02/06/2017,"LEMONGRASS ASIAN PLATE LA JOLLA CA           02/05",-3.23,DEBIT_CARD,647.38,,
DEBIT,02/06/2017,"ISLANDS REST 018 LA JOLLA CA                 02/05",-13.00,DEBIT_CARD,650.61,,
DEBIT,02/06/2017,"MANNA BBQ-CONVOY SAN DIEGO CA                02/04",-140.00,DEBIT_CARD,663.61,,
DEBIT,02/06/2017,"VALLARTA EXPRESS SAN DIEGO CA                02/04",-9.86,DEBIT_CARD,803.61,,
CREDIT,02/06/2017,"Online Transfer from CHK ...5521 transaction#: 5986878051",100.00,ACCT_XFER,813.47,,
DEBIT,01/31/2017,"Amazon.com AMZN.COM/BILL WA                  01/31",-21.54,DEBIT_CARD,713.47,,
DEBIT,01/31/2017,"SANTORINI GREEK ISLAND LA JOLLA CA           01/30",-8.63,DEBIT_CARD,735.01,,
DEBIT,01/31/2017,"ROBERT Y. TAKANO, DDS SAN DIEGO CA           01/30",-39.40,DEBIT_CARD,743.64,,
DEBIT,01/31/2017,"VENMO 855-812-4430 NY                        01/30",-700.00,DEBIT_CARD,783.04,,
DEBIT,01/30/2017,"UCSD-BOOKSTORES LA JOLLA CA                  01/29",-1.07,DEBIT_CARD,1483.04,,
DEBIT,01/30/2017,"RALPHS    8657 VIL LA LA JOLLA CA            01/29",-11.11,DEBIT_CARD,1484.11,,
DEBIT,01/30/2017,"Amazon.com AMZN.COM/BILL WA                  01/30",-8.61,DEBIT_CARD,1495.22,,
DEBIT,01/30/2017,"BING HAUS SAN DIEGO CA                       01/29",-6.73,DEBIT_CARD,1503.83,,
CREDIT,01/30/2017,"Online Transfer from CHK ...5521 transaction#: 5969157910",1300.00,ACCT_XFER,1510.56,,
DEBIT,01/26/2017,"UCSD HDH OVT DINING LA JOLLA CA              01/25",-8.50,DEBIT_CARD,210.56,,
DEBIT,01/25/2017,"RALPHS    8657 VIL LA LA JOLLA CA            01/25",-18.40,DEBIT_CARD,219.06,,
DEBIT,01/25/2017,"UCSD-BOOKSTORES LA JOLLA CA                  01/24",-1.07,DEBIT_CARD,237.46,,
DEBIT,01/25/2017,"Amazon.com AMZN.COM/BILL WA                  01/25",-7.40,DEBIT_CARD,238.53,,
CREDIT,01/25/2017,"U.C. SAN DIEGO   UCSD PAYRL                 PPD ID: 1956006144",174.98,ACH_CREDIT,245.93,,
DEBIT,01/24/2017,"TAPIOCA EXPRESS SAN DIEGO CA                 01/22",-4.75,DEBIT_CARD,70.95,,
DEBIT,01/23/2017,"Online Transfer to CHK ...5521 transaction#: 5954760129 01/23",-46.56,ACCT_XFER,75.70,,
DEBIT,01/23/2017,"SANTORINI GREEK ISLAND LA JOLLA CA           01/22",-8.63,DEBIT_CARD,122.26,,
DEBIT,01/23/2017,"BURGER KING #16576 LA JOLLA CA               01/20",-3.86,DEBIT_CARD,130.89,,
DEBIT,01/19/2017,"BURGER KING #16576 LA JOLLA CA               01/18",-3.86,DEBIT_CARD,134.75,,
DEBIT,01/17/2017,"EXTRAORDINARY DESSERTS SAN DIEGO CA          01/16",-12.16,DEBIT_CARD,138.61,,
DEBIT,01/17/2017,"Online Transfer to CHK ...5521 transaction#: 5937781021 01/17",-2116.00,ACCT_XFER,150.77,,
DEBIT,01/17/2017,"Amazon.com AMZN.COM/BILL WA                  01/15",-3.98,DEBIT_CARD,2266.77,,
DEBIT,01/17/2017,"AMAZON MKTPLACE PMTS AMZN.COM/BILL WA        01/14",-8.56,DEBIT_CARD,2270.75,,
DEBIT,01/17/2017,"AMAZON MKTPLACE PMTS AMZN.COM/BILL WA        01/14",-23.78,DEBIT_CARD,2279.31,,
DEBIT,01/17/2017,"LUCHA LIBRE SAN DIEGO CA                     01/13",-7.81,DEBIT_CARD,2303.09,,
DEBIT,01/13/2017,"RALPHS    8657 VIL LA LA JOLLA CA            01/13",-12.69,DEBIT_CARD,2310.90,,
DEBIT,01/12/2017,"RALPHS    8657 VIL LA LA JOLLA CA            01/12",-40.36,DEBIT_CARD,2323.59,,
DEBIT,01/11/2017,"UCSD-BOOKSTORES LA JOLLA CA                  01/10",-4.82,DEBIT_CARD,2363.95,,
DEBIT,01/10/2017,"UCSD PARKING FLEX LA JOLLA CA                01/10",-6.00,DEBIT_CARD,2368.77,,
DEBIT,01/09/2017,"99 RANCH #1016 7330 CL SAN DIEGO CA  744091  01/09",-35.03,DEBIT_CARD,2374.77,,
DEBIT,01/09/2017,"99 RANCH #1016 7330 CL SAN DIEGO CA  925431  01/09",-6.35,DEBIT_CARD,2409.80,,
DEBIT,01/09/2017,"CHIPOTLE 1420 LEBEC CA                       01/07",-8.26,DEBIT_CARD,2416.15,,
DEBIT,01/09/2017,"VENMO 855-812-4430 NY                        01/08",-25.00,DEBIT_CARD,2424.41,,
DEBIT,01/09/2017,"STARBUCKS STORE 06728 CONCORD CA             01/07",-5.25,DEBIT_CARD,2449.41,,
DEBIT,01/09/2017,"IN-N-OUT BURGER #274 PLEASANT HILL CA        01/07",-25.55,DEBIT_CARD,2454.66,,
DEBIT,01/09/2017,"WALGREENS #11365 AMERICAN CANY CA            01/06",-9.98,DEBIT_CARD,2480.21,,
DEBIT,01/09/2017,"VENMO 855-812-4430 NY                        01/06",-18.20,DEBIT_CARD,2490.19,,
CREDIT,01/06/2017,"U.C. SAN DIEGO   UCSD APACH                 PPD ID: 3956006144",2400.77,ACH_CREDIT,2508.39,,
DEBIT,01/04/2017,"La Scala         8888004797 N7396413        WEB ID: 1262437777",-600.00,ACH_DEBIT,107.62,,
DEBIT,01/04/2017,"VENMO 855-812-4430 NY                        01/03",-3.00,DEBIT_CARD,707.62,,
DEBIT,01/04/2017,"VENMO 855-812-4430 NY                        01/03",-3.00,DEBIT_CARD,710.62,,
DEBIT,01/03/2017,"NATION'S GIANT HAM BENICIA CA                12/31",-6.08,DEBIT_CARD,713.62,,
DEBIT,01/03/2017,"CHEVRON 0090319 VALLEJO CA                   12/31",-23.50,DEBIT_CARD,719.70,,
DEBIT,01/03/2017,"SUPER KYO-PO PL SANTA CLARA CA               12/30",-6.59,DEBIT_CARD,743.20,,
DEBIT,01/03/2017,"Q POT SAN JOSE CA                            12/30",-72.00,DEBIT_CARD,749.79,,
CREDIT,01/03/2017,"VENMO            CASHOUT                    PPD ID: 5264681992",57.40,ACH_CREDIT,821.79,,
CREDIT,01/03/2017,"ATM CASH DEPOSIT 01/02 972 ADMIRAL CALLAGHAN LN VALLEJO CA",330.00,ATM,764.39,,
DEBIT,12/30/2016,"SAFEWAY  FUEL  1883 AMERICAN CANY CA 018417  12/30",-15.77,DEBIT_CARD,434.39,,
DEBIT,12/30/2016,"SUPER CUE CAFE SAN FRANCISCO CA              12/29",-3.50,DEBIT_CARD,450.16,,
DEBIT,12/29/2016,"YO SUSHI VALLEJO CA                          12/27",-4.30,DEBIT_CARD,453.66,,
CREDIT,12/29/2016,"VENMO            CASHOUT                    PPD ID: 5264681992",141.08,ACH_CREDIT,457.96,,
DEBIT,12/28/2016,"99 RANCH #1781 3288 PI RICHMOND CA   141519  12/28",-5.97,DEBIT_CARD,316.88,,
DEBIT,12/28/2016,"SAFEWAY  FUEL  1883 AMERICAN CANY CA 997087  12/28",-21.75,DEBIT_CARD,322.85,,
CREDIT,12/28/2016,"U.C. SAN DIEGO   UCSD PAYRL                 PPD ID: 1956006144",160.80,ACH_CREDIT,344.60,,
CREDIT,12/27/2016,"ATM CASH DEPOSIT 12/27 102 ROBLES WAY VALLEJO CA",140.00,ATM,183.80,,
DEBIT,12/23/2016,"RALEY'S #343 BENICIA CA                      12/22",-3.48,DEBIT_CARD,43.80,,
DEBIT,12/23/2016,"RALEY'S #343 BENICIA CA                      12/22",-2.67,DEBIT_CARD,47.28,,
DEBIT,12/22/2016,"SAFEWAY  FUEL  1883 AMERICAN CANY CA 155869  12/22",-22.25,DEBIT_CARD,49.95,,
DEBIT,12/22/2016,"VENMO 855-812-4430 NY                        12/21",-100.00,DEBIT_CARD,72.20,,
DEBIT,12/21/2016,"CENTURY THEATRES 463 PLEASANT HILL CA        12/21",-5.75,DEBIT_CARD,172.20,,
DEBIT,12/21/2016,"IN-N-OUT BURGER #274 PLEASANT HILL CA        12/20",-5.97,DEBIT_CARD,177.95,,
DEBIT,12/20/2016,"CHEVRON 0090319 VALLEJO CA                   12/19",-32.02,DEBIT_CARD,183.92,,
DEBIT,12/20/2016,"CHIPOTLE 0182 FAIRFIELD CA                   12/19",-7.28,DEBIT_CARD,215.94,,
DEBIT,12/19/2016,"SAFEWAY  STORE  0774 BENICIA CA      835819  12/19",-3.85,DEBIT_CARD,223.22,,
DEBIT,12/19/2016,"SEARS ROEBUCK   1159 FAIRFIELD CA            12/19",-5.42,DEBIT_CARD,227.07,,
DEBIT,12/19/2016,"CHEVRON 0090319 VALLEJO CA                   12/17",-18.51,DEBIT_CARD,232.49,,
DEBIT,12/19/2016,"COSECHA CAFE OAKLAND CA                      12/17",-15.07,DEBIT_CARD,251.00,,
DEBIT,12/19/2016,"PACIFIC RENAISSANCE GA OAKLAND CA            12/16",-5.00,DEBIT_CARD,266.07,,
DEBIT,12/19/2016,"T4 CJ OAKLAND CA                             12/17",-9.25,DEBIT_CARD,271.07,,
DEBIT,12/19/2016,"VENMO 855-812-4430 NY                        12/17",-13.03,DEBIT_CARD,280.32,,
DEBIT,12/19/2016,"CHEVRON 0090319 VALLEJO CA                   12/16",-17.18,DEBIT_CARD,293.35,,
DEBIT,12/16/2016,"ROUND ONE BOWLING CONCORD CA                 12/14",-4.00,DEBIT_CARD,310.53,,
DEBIT,12/15/2016,"BLAZE PIZZA #1151 CONCORD CA                 12/14",-8.67,DEBIT_CARD,314.53,,
DEBIT,12/15/2016,"SQ *KAMAN LOI pleasant hill CA               12/14",-4.88,DEBIT_CARD,323.20,,
DEBIT,12/15/2016,"BENICIA GRILL 1 BENICIA CA                   12/14",-10.72,DEBIT_CARD,328.08,,
DEBIT,12/14/2016,"IN-N-OUT BURGER #274 PLEASANT HILL CA        12/14",-4.12,DEBIT_CARD,338.80,,
DEBIT,12/14/2016,"QUICKLY VALLEJO CA                           12/14",-3.79,DEBIT_CARD,342.92,,
DEBIT,12/14/2016,"CHEVRON 0090319 VALLEJO CA                   12/13",-27.69,DEBIT_CARD,346.71,,
CREDIT,12/14/2016,"U.C. SAN DIEGO   UCSD PAYRL                 PPD ID: 1956006144",280.48,ACH_CREDIT,374.40,,
DEBIT,12/13/2016,"WENDY'S #1 VALLEJO CA                        12/12",-5.83,DEBIT_CARD,93.92,,
DEBIT,12/12/2016,"SAFEWAY STORE  1883 AMERICAN CANY CA 134575  12/12",-15.02,DEBIT_CARD,99.75,,
DEBIT,12/12/2016,"CHEVRON 0090319 VALLEJO CA                   12/11",-30.50,DEBIT_CARD,114.77,,
DEBIT,12/12/2016,"HUDSONNEWS  ST1146 SAN DIEGO CA              12/10",-1.68,DEBIT_CARD,145.27,,
DEBIT,12/12/2016,"VENMO 855-812-4430 NY                        12/11",-10.00,DEBIT_CARD,146.95,,
DEBIT,12/12/2016,"5GUYS 0553 QSR SAN DIEGO CA                  12/09",-5.71,DEBIT_CARD,156.95,,
DEBIT,12/12/2016,"TAPIOCA EXPRESS SAN DIEGO CA                 12/09",-3.25,DEBIT_CARD,162.66,,
CREDIT,12/12/2016,"Online Transfer from CHK ...5521 transaction#: 5859755790",100.00,ACCT_XFER,165.91,,
DSLIP,12/12/2016,"REMOTE ONLINE DEPOSIT #          1",28.30,CHECK_DEPOSIT,65.91,1,
DEBIT,12/09/2016,"SANTORINI GREEK ISLAND LA JOLLA CA           12/09",-8.63,DEBIT_CARD,37.61,,
DEBIT,12/09/2016,"UCSD-BOOKSTORES LA JOLLA CA                  12/08",-1.60,DEBIT_CARD,46.24,,
DEBIT,12/09/2016,"TAPIOCA EXPRESS SAN DIEGO CA                 12/07",-5.78,DEBIT_CARD,47.84,,
DEBIT,12/08/2016,"MCDONALD'S F11181 SAN DIEGO CA               12/06",-3.23,DEBIT_CARD,53.62,,
DEBIT,12/08/2016,"TAPIOCA EXPRESS SAN DIEGO CA                 12/06",-5.78,DEBIT_CARD,56.85,,
DEBIT,12/07/2016,"DOMINO'S 8407 LA JOLLA CA                    12/06",-7.94,DEBIT_CARD,62.63,,
DEBIT,12/07/2016,"SUBWAY        00177097 LA JOLLA CA           12/07",-4.86,DEBIT_CARD,70.57,,
DEBIT,12/05/2016,"La Scala         8888004797 N7253673        WEB ID: 1262437777",-540.00,ACH_DEBIT,75.43,,
DEBIT,12/05/2016,"RALPHS    8657 VIL LA LA JOLLA CA            12/05",-4.00,DEBIT_CARD,615.43,,
DEBIT,12/05/2016,"MI TEA EXPRESS SAN DIEGO CA                  12/04",-4.30,DEBIT_CARD,619.43,,
DEBIT,12/05/2016,"VENMO 855-812-4430 NY                        12/04",-20.00,DEBIT_CARD,623.73,,
DEBIT,12/05/2016,"UCSD-BOOKSTORES LA JOLLA CA                  12/03",-1.99,DEBIT_CARD,643.73,,
DEBIT,12/05/2016,"UCSD-BOOKSTORES LA JOLLA CA                  12/02",-1.49,DEBIT_CARD,645.72,,
DEBIT,12/05/2016,"UCSD-BOOKSTORES LA JOLLA CA                  12/02",-0.53,DEBIT_CARD,647.21,,
DEBIT,12/05/2016,"UCSD-BOOKSTORES LA JOLLA CA                  12/02",-1.07,DEBIT_CARD,647.74,,
DEBIT,12/05/2016,"VENMO 855-812-4430 NY                        12/02",-9.75,DEBIT_CARD,648.81,,
DEBIT,12/05/2016,"VENMO 855-812-4430 NY                        12/02",-13.75,DEBIT_CARD,658.56,,
DEBIT,12/05/2016,"BURGER KING #16576 LA JOLLA CA               12/02",-10.80,DEBIT_CARD,672.31,,
CREDIT,12/05/2016,"Online Transfer from CHK ...5521 transaction#: 5843336182",100.00,ACCT_XFER,683.11,,
DEBIT,12/02/2016,"AMAZON PICKUP POINTS 877-345-0975 WA         12/01",-10.79,DEBIT_CARD,583.11,,
DEBIT,11/28/2016,"99 RANCH #1016 SAN DIEGO CA                  11/27",-6.01,DEBIT_CARD,593.90,,
DEBIT,11/28/2016,"ZION MARKET - SD SAN DIEGO CA                11/27",-1.49,DEBIT_CARD,599.91,,
DEBIT,11/28/2016,"LOS PRIMOS - 23 SAN DIEGO CA                 11/26",-3.24,DEBIT_CARD,601.40,,
DEBIT,11/25/2016,"ROOSTERTEETH.COM ROOSTERTEETH. TX            11/23",-15.99,DEBIT_CARD,604.64,,
DEBIT,11/25/2016,"VONS STORE        2012 SAN DIEGO CA  749261  11/25",-0.99,DEBIT_CARD,620.63,,
DEBIT,11/25/2016,"H&M SAN DIEGO CA                     184984  11/25",-53.99,DEBIT_CARD,621.62,,
DEBIT,11/25/2016,"RALPHS    8657 VIL LA LA JOLLA CA            11/24",-13.43,DEBIT_CARD,675.61,,
DEBIT,11/25/2016,"TAPIOCA EXPRESS SAN DIEGO CA                 11/22",-3.25,DEBIT_CARD,689.04,,
DEBIT,11/25/2016,"BURGER KING #16576 LA JOLLA CA               11/23",-1.50,DEBIT_CARD,692.29,,
CREDIT,11/25/2016,"Online Transfer from CHK ...5521 transaction#: 5820252366",100.00,ACCT_XFER,693.79,,
DEBIT,11/22/2016,"VENMO 855-812-4430 NY                        11/21",-18.41,DEBIT_CARD,593.79,,
DEBIT,11/22/2016,"VENMO 855-812-4430 NY                        11/21",-4.00,DEBIT_CARD,612.20,,
DEBIT,11/21/2016,"RALPHS    8657 VIL LA LA JOLLA CA            11/19",-17.20,DEBIT_CARD,616.20,,
DEBIT,11/21/2016,"VENMO 855-812-4430 NY                        11/18",-12.05,DEBIT_CARD,633.40,,
DEBIT,11/18/2016,"SHARETEA SAN DIEGO CA                        11/16",-6.21,DEBIT_CARD,645.45,,
DEBIT,11/18/2016,"TAPIOCA EXPRESS SAN DIEGO CA                 11/16",-4.50,DEBIT_CARD,651.66,,
DEBIT,11/16/2016,"UCSD-BOOKSTORES LA JOLLA CA                  11/15",-1.07,DEBIT_CARD,656.16,,
DEBIT,11/15/2016,"99 RANCH #1016 SAN DIEGO CA                  11/14",-68.01,DEBIT_CARD,657.23,,
DEBIT,11/15/2016,"COLLEGE TRANSCRIPT 847-716-3000 IL           11/14",-1.90,DEBIT_CARD,725.24,,
DEBIT,11/14/2016,"RALPHS    8657 VIL LA LA JOLLA CA            11/14",-18.00,DEBIT_CARD,727.14,,
DEBIT,11/14/2016,"IN-N-OUT BURGER #224 MENIFEE CA              11/11",-7.51,DEBIT_CARD,745.14,,
DEBIT,11/14/2016,"VENMO 855-812-4430 NY                        11/10",-19.33,DEBIT_CARD,752.65,,
DEBIT,11/14/2016,"BURGER KING #16576 LA JOLLA CA               11/10",-4.20,DEBIT_CARD,771.98,,
DEBIT,11/10/2016,"VONS     Store  2012 SAN DIEGO CA    956237  11/10",-21.24,DEBIT_CARD,776.18,,
DEBIT,11/10/2016,"UCSD-BOOKSTORES LA JOLLA CA                  11/09",-1.07,DEBIT_CARD,797.42,,
DEBIT,11/09/2016,"UCSD-BOOKSTORES LA JOLLA CA                  11/08",-1.07,DEBIT_CARD,798.49,,
DEBIT,11/09/2016,"VENMO 855-812-4430 NY                        11/08",-9.25,DEBIT_CARD,799.56,,
DEBIT,11/08/2016,"VENMO 855-812-4430 NY                        11/07",-15.00,DEBIT_CARD,808.81,,
DEBIT,11/08/2016,"VENMO 855-812-4430 NY                        11/07",-13.75,DEBIT_CARD,823.81,,
DEBIT,11/07/2016,"VENMO 855-812-4430 NY                        11/06",-18.00,DEBIT_CARD,837.56,,
DEBIT,11/07/2016,"REGENTS PIZZA LA JOLLA CA                    11/05",-2.70,DEBIT_CARD,855.56,,
DEBIT,11/04/2016,"Regents of UC    QuikPAY EP 369388451       WEB ID: 1364199567",-2.00,ACH_DEBIT,858.26,,
DEBIT,11/04/2016,"YOGURT WORLD MIRA MESA SAN DIEGO CA          11/03",-2.42,DEBIT_CARD,860.26,,
DEBIT,11/04/2016,"UCSD-BOOKSTORES LA JOLLA CA                  11/03",-0.99,DEBIT_CARD,862.68,,
DEBIT,11/03/2016,"UCSD-BOOKSTORES LA JOLLA CA                  11/02",-0.99,DEBIT_CARD,863.67,,
DEBIT,11/03/2016,"BURGER KING #16576 LA JOLLA CA               11/02",-3.00,DEBIT_CARD,864.66,,
DEBIT,11/03/2016,"BURGER KING #16576 LA JOLLA CA               11/02",-3.55,DEBIT_CARD,867.66,,
DEBIT,11/02/2016,"La Scala         8888004797 N7077072        WEB ID: 1262437777",-540.00,ACH_DEBIT,871.21,,
DEBIT,11/01/2016,"La Scala         8888004797 N7066585        WEB ID: 1262437777",-5.00,ACH_DEBIT,1411.21,,
DEBIT,10/31/2016,"BURGER KING #16576 LA JOLLA CA               10/29",-2.58,DEBIT_CARD,1416.21,,
DEBIT,10/31/2016,"TAPIOCA EXPRESS SAN DIEGO CA                 10/29",-10.22,DEBIT_CARD,1418.79,,
DEBIT,10/28/2016,"VONS     Store  2012 SAN DIEGO CA    038789  10/28",-2.14,DEBIT_CARD,1429.01,,
DEBIT,10/28/2016,"UCSD-BOOKSTORES LA JOLLA CA                  10/27",-1.07,DEBIT_CARD,1431.15,,
DEBIT,10/28/2016,"BURGER KING #16576 LA JOLLA CA               10/27",-3.43,DEBIT_CARD,1432.22,,
CREDIT,10/27/2016,"U.C. SAN DIEGO   UCSD APACH                 PPD ID: 3956006144",671.00,ACH_CREDIT,1435.65,,
DEBIT,10/24/2016,"VONS STORE        2012 SAN DIEGO CA  543671  10/24",-3.06,DEBIT_CARD,764.65,,
DEBIT,10/24/2016,"VONS STORE        2012 SAN DIEGO CA          10/24 Purchase $3.30 Cash Back $20.00",-23.30,DEBIT_CARD,767.71,,
DEBIT,10/24/2016,"PP*ICESKIMO SAN DIEGO CA                     10/22",-2.82,DEBIT_CARD,791.01,,
DEBIT,10/24/2016,"KUNG FU TEA - SAN DIEGO SAN DIEGO CA         10/22",-3.51,DEBIT_CARD,793.83,,
DEBIT,10/24/2016,"UCSD-BOOKSTORES LA JOLLA CA                  10/21",-2.49,DEBIT_CARD,797.34,,
DEBIT,10/21/2016,"VENMO 855-812-4430 NY                        10/20",-40.00,DEBIT_CARD,799.83,,
DEBIT,10/21/2016,"TAPIOCA EXPRESS SAN DIEGO CA                 10/19",-5.20,DEBIT_CARD,839.83,,
DEBIT,10/18/2016,"85C BAKERY CAFE USA SAN DIEGO CA             10/17",-5.75,DEBIT_CARD,845.03,,
DEBIT,10/18/2016,"VENMO 855-812-4430 NY                        10/17",-20.00,DEBIT_CARD,850.78,,
DEBIT,10/17/2016,"VONS STORE        2012 SAN DIEGO CA  194315  10/16",-9.18,DEBIT_CARD,870.78,,
DEBIT,10/17/2016,"RALPHS 8657 VIL LA JOL LA JOLLA CA   609833  10/15",-2.69,DEBIT_CARD,879.96,,
DEBIT,10/17/2016,"TRADER JOE'S #020  QPS LAJOLLA CA            10/15",-1.14,DEBIT_CARD,882.65,,
DEBIT,10/17/2016,"SUPERNATURAL SANDWHICHE SAN DIEGO CA         10/15",-4.32,DEBIT_CARD,883.79,,
DEBIT,10/17/2016,"VERTICAL HOLD SPORT CL SAN DIEGO CA          10/15",-15.00,DEBIT_CARD,888.11,,
DEBIT,10/14/2016,"AMAZON MKTPLACE PMTS AMZN.COM/BILL WA        10/14",-45.99,DEBIT_CARD,903.11,,
DEBIT,10/13/2016,"UCSD-BOOKSTORES LA JOLLA CA                  10/12",-1.07,DEBIT_CARD,949.10,,
DEBIT,10/12/2016,"CHIPOTLE 0107 LA JOLLA CA                    10/11",-8.32,DEBIT_CARD,950.17,,
DEBIT,10/12/2016,"YOGURT WORLD MIRA MESA SAN DIEGO CA          10/11",-4.04,DEBIT_CARD,958.49,,
DEBIT,10/12/2016,"UCSD-BOOKSTORES LA JOLLA CA                  10/11",-1.07,DEBIT_CARD,962.53,,
DEBIT,10/11/2016,"VONS STORE        2012 SAN DIEGO CA  929945  10/11",-5.83,DEBIT_CARD,963.60,,
DEBIT,10/11/2016,"RALPHS    8657 VIL LA LA JOLLA CA            10/10",-26.45,DEBIT_CARD,969.43,,
DEBIT,10/11/2016,"IEEE PRODUCTS & SERVI 800-678-4333 NJ        10/09",-32.00,DEBIT_CARD,995.88,,
DEBIT,10/11/2016,"AMAZON MKTPLACE PMTS AMZN.COM/BILL WA        10/10",-12.78,DEBIT_CARD,1027.88,,
DEBIT,10/11/2016,"VENMO 855-812-4430 NY                        10/07",-20.00,DEBIT_CARD,1040.66,,
DEBIT,10/11/2016,"BURGER KING #16576 LA JOLLA CA               10/07",-1.39,DEBIT_CARD,1060.66,,
DEBIT,10/07/2016,"UCSD-BOOKSTORES LA JOLLA CA                  10/06",-1.07,DEBIT_CARD,1062.05,,
DEBIT,10/07/2016,"UCSD-BOOKSTORES LA JOLLA CA                  10/06",-3.13,DEBIT_CARD,1063.12,,
DEBIT,10/07/2016,"BURGER KING #16576 LA JOLLA CA               10/06",-2.79,DEBIT_CARD,1066.25,,
DEBIT,10/06/2016,"UCSD-BOOKSTORES LA JOLLA CA                  10/05",-2.56,DEBIT_CARD,1069.04,,
DEBIT,10/05/2016,"AMAZON MKTPLACE PMTS AMZN.COM/BILL WA        10/05",-23.39,DEBIT_CARD,1071.60,,
DEBIT,10/05/2016,"VENMO 855-812-4430 NY                        10/04",-18.00,DEBIT_CARD,1094.99,,
DEBIT,10/05/2016,"BURGER KING #16576 LA JOLLA CA               10/04",-5.69,DEBIT_CARD,1112.99,,
DEBIT,10/05/2016,"AMAZON MKTPLACE PMTS AMZN.COM/BILL WA        10/05",-8.99,DEBIT_CARD,1118.68,,
DEBIT,10/04/2016,"La Scala         8888004797 N6926633        WEB ID: 1262437777",-540.00,ACH_DEBIT,1127.67,,
DEBIT,10/04/2016,"VONS STORE        2012 SAN DIEGO CA  055435  10/03",-20.35,DEBIT_CARD,1667.67,,
DEBIT,10/03/2016,"AMAZON MKTPLACE PMTS AMZN.COM/BILL WA        10/02",-11.28,DEBIT_CARD,1688.02,,
DEBIT,10/03/2016,"VONS STORE        2012 SAN DIEGO CA  338935  10/01",-27.86,DEBIT_CARD,1699.30,,
DEBIT,10/03/2016,"BURGER KING #16576 LA JOLLA CA               09/30",-1.50,DEBIT_CARD,1727.16,,
DEBIT,10/03/2016,"BURGER KING #16576 LA JOLLA CA               09/30",-2.79,DEBIT_CARD,1728.66,,
DEBIT,09/30/2016,"AMAZON MKTPLACE PMTS AMZN.COM/BILL WA        09/30",4.98,DEBIT_CARD,1731.45,,
DEBIT,09/30/2016,"AMAZON MKTPLACE PMTS AMZN.COM/BILL WA        09/30",8.99,DEBIT_CARD,1726.47,,
DEBIT,09/29/2016,"UCSD-BOOKSTORES LA JOLLA CA                  09/28",-1.07,DEBIT_CARD,1717.48,,
DEBIT,09/29/2016,"Amazon.com AMZN.COM/BILL WA                  09/28",-8.63,DEBIT_CARD,1718.55,,
DEBIT,09/28/2016,"AMAZON MKTPLACE PMTS AMZN.COM/BILL WA        09/27",-4.98,DEBIT_CARD,1727.18,,
DEBIT,09/28/2016,"AMAZON MKTPLACE PMTS AMZN.COM/BILL WA        09/27",-8.99,DEBIT_CARD,1732.16,,
DEBIT,09/28/2016,"BURGER KING #16576 LA JOLLA CA               09/27",-2.79,DEBIT_CARD,1741.15,,
CREDIT,09/28/2016,"ATM CASH DEPOSIT 09/28 9700 GILMAN DR LA JOLLA CA",100.00,ATM,1743.94,,
DEBIT,09/27/2016,"99 RANCH #1016 SAN DIEGO CA                  09/26",-32.53,DEBIT_CARD,1643.94,,
DEBIT,09/27/2016,"99 RANCH #1016 SAN DIEGO CA                  09/26",-6.36,DEBIT_CARD,1676.47,,
DEBIT,09/27/2016,"UCSD-BOOKSTORES LA JOLLA CA                  09/26",-1.07,DEBIT_CARD,1682.83,,
DEBIT,09/26/2016,"VONS     Store  2012 SAN DIEGO CA    341959  09/26",-3.29,DEBIT_CARD,1683.90,,
DEBIT,09/26/2016,"UCSD-BOOKSTORES LA JOLLA CA                  09/25",-1.19,DEBIT_CARD,1687.19,,
DEBIT,09/26/2016,"VONS STORE        2012 SAN DIEGO CA  345403  09/24",-4.71,DEBIT_CARD,1688.38,,
DEBIT,09/26/2016,"VONS     Store  2012 SAN DIEGO CA    032951  09/24",-13.53,DEBIT_CARD,1693.09,,
DEBIT,09/26/2016,"VENMO 855-812-4430 NY                        09/24",-50.00,DEBIT_CARD,1706.62,,
DEBIT,09/26/2016,"UCSD-BOOKSTORES LA JOLLA CA                  09/23",-2.99,DEBIT_CARD,1756.62,,
DEBIT,09/26/2016,"TAPIOCA EXPRESS SAN DIEGO CA                 09/22",-4.75,DEBIT_CARD,1759.61,,
DEBIT,09/26/2016,"AMAZON MKTPLACE PMTS AMZN.COM/BILL WA        09/24",-49.97,DEBIT_CARD,1764.36,,
DEBIT,09/23/2016,"LOS PRIMOS - 23 SAN DIEGO CA                 09/22",-7.13,DEBIT_CARD,1814.33,,
DEBIT,09/22/2016,"UCSD TRITON SVCES 858-822-1255 CA            09/22",-50.00,DEBIT_CARD,1821.46,,
DEBIT,09/22/2016,"5GUYS 0553 QSR SAN DIEGO CA                  09/20",-5.39,DEBIT_CARD,1871.46,,
DEBIT,09/22/2016,"TAPIOCA EXPRESS SAN DIEGO CA                 09/20",-1.99,DEBIT_CARD,1876.85,,
DEBIT,09/22/2016,"AMAZON MKTPLACE PMTS AMZN.COM/BILL WA        09/21",-9.15,DEBIT_CARD,1878.84,,
DEBIT,09/22/2016,"BURGER KING #16576 LA JOLLA CA               09/21",-3.43,DEBIT_CARD,1887.99,,
CREDIT,09/22/2016,"U.C. SAN DIEGO   UCSD APACH                 PPD ID: 3956006144",1241.57,ACH_CREDIT,1891.42,,
DEBIT,09/21/2016,"VONS STORE        2012 SAN DIEGO CA  906355  09/21",-14.31,DEBIT_CARD,649.85,,
DEBIT,09/21/2016,"Amazon.com AMZN.COM/BILL WA                  09/21",-5.40,DEBIT_CARD,664.16,,
DEBIT,09/20/2016,"VONS     Store  2012 SAN DIEGO CA    067265  09/20",-23.55,DEBIT_CARD,669.56,,
DEBIT,09/19/2016,"VALLARTA EXPRESS SAN DIEGO CA                09/18",-2.38,DEBIT_CARD,693.11,,
DEBIT,09/19/2016,"RALPHS 8657 VIL LA JOL LA JOLLA CA   619433  09/18",-2.16,DEBIT_CARD,695.49,,
DEBIT,09/19/2016,"CHIPOTLE 0107 LA JOLLA CA                    09/18",-8.32,DEBIT_CARD,697.65,,
DEBIT,09/19/2016,"GOOGLE *Chrome Web S g.co/payhelp# CA        09/18",-5.00,DEBIT_CARD,705.97,,
DEBIT,09/19/2016,"TACOS EL GORDO 619-6918848 CA                09/17",-19.39,DEBIT_CARD,710.97,,
DEBIT,09/19/2016,"CHEVRON 0090319 VALLEJO CA                   09/17",-23.11,DEBIT_CARD,730.36,,
DEBIT,09/19/2016,"CITY OF SAN FRANCISC SAN FRANCISCO CA        09/17",-6.00,DEBIT_CARD,753.47,,
DEBIT,09/19/2016,"PENINSULA SEAFOOD RE SAN FRANCISCO CA        09/16",-44.00,DEBIT_CARD,759.47,,
DEBIT,09/19/2016,"DOGPATCH BOULDERS SAN FRANCISCO CA           09/16",-20.00,DEBIT_CARD,803.47,,
DEBIT,09/19/2016,"MUSASHIYA CORPORATION BERKELEY CA            09/16",-13.00,DEBIT_CARD,823.47,,
CREDIT,09/19/2016,"ATM CASH DEPOSIT 09/17 972 ADMIRAL CALLAGHAN LN VALLEJO CA",400.00,ATM,836.47,,
DEBIT,09/16/2016,"MCDONALD'S F22138 VALLEJO CA                 09/15",-2.72,DEBIT_CARD,436.47,,
DEBIT,09/16/2016,"VENMO 855-812-4430 NY                        09/15",-20.00,DEBIT_CARD,439.19,,
DEBIT,09/15/2016,"IN-N-OUT BURGER #120 PINOLE CA               09/14",-18.51,DEBIT_CARD,459.19,,
DEBIT,09/15/2016,"CHEVRON 0090319 VALLEJO CA                   09/14",-27.99,DEBIT_CARD,477.70,,
DEBIT,09/15/2016,"VENMO 855-812-4430 NY                        09/14",-26.34,DEBIT_CARD,505.69,,
DEBIT,09/13/2016,"PAYPAL           INST XFER  2ND SWING       WEB ID: PAYPALSI77",-39.98,ACH_DEBIT,532.03,,
DEBIT,09/13/2016,"99 RANCH #1773 CONCORD CA                    09/12",-6.90,DEBIT_CARD,572.01,,
DEBIT,09/13/2016,"IN-N-OUT BURGER #274 PLEASANT HILL CA        09/12",-4.12,DEBIT_CARD,578.91,,
DEBIT,09/12/2016,"RALEY'S #343 BENICIA CA              747582  09/11",-5.10,DEBIT_CARD,583.03,,
DEBIT,09/12/2016,"UCB PARKING AND TRANS C BERKELEY CA          09/11",-4.00,DEBIT_CARD,588.13,,
DEBIT,09/12/2016,"UCB PARKING AND TRANS C BERKELEY CA          09/10",-14.00,DEBIT_CARD,592.13,,
DEBIT,09/12/2016,"PANDA EXPRESS, INC BENICIA CA                09/10",-4.13,DEBIT_CARD,606.13,,
DEBIT,09/12/2016,"RALEY'S #343 BENICIA CA              211791  09/10",-7.13,DEBIT_CARD,610.26,,
DEBIT,09/12/2016,"CHEVRON 0090319 VALLEJO CA                   09/10",-21.44,DEBIT_CARD,617.39,,
DEBIT,09/12/2016,"ATM WITHDRAWAL                       000623  09/09802 SOUTH",-20.00,ATM,638.83,,
DEBIT,09/12/2016,"BURGER KING #3908 BENICIA CA                 09/10",-1.62,DEBIT_CARD,658.83,,
DEBIT,09/09/2016,"PAYPAL           INST XFER  MICROSOFTCO     WEB ID: PAYPALSI77",-1.00,ACH_DEBIT,660.45,,
DEBIT,09/07/2016,"La Scala         8888004797 N6792071        WEB ID: 1262437777",-540.00,ACH_DEBIT,661.45,,
DEBIT,09/07/2016,"L2G SOLANO REC FAIRFIELD CA          772147  09/07",-30.00,DEBIT_CARD,1201.45,,
DEBIT,09/07/2016,"IN-N-OUT BURGER #193 OAKLAND CA              09/06",-10.62,DEBIT_CARD,1231.45,,
DEBIT,09/06/2016,"SAFEWAY STORE  1883 AMERICAN CANY CA 486535  09/04",-3.99,DEBIT_CARD,1242.07,,
DEBIT,09/06/2016,"SAFEWAY  FUEL  1883 AMERICAN CANY CA 453355  09/04",-21.59,DEBIT_CARD,1246.06,,
DEBIT,09/06/2016,"BRENNAN'S BERKELEY CA                        09/03",-7.39,DEBIT_CARD,1267.65,,
CREDIT,09/06/2016,"VENMO-0          CASHOUT                    PPD ID: 5264681992",57.79,ACH_CREDIT,1275.04,,
CREDIT,09/06/2016,"Online Transfer from CHK ...5521 transaction#: 5639310889",225.00,ACCT_XFER,1217.25,,
CREDIT,09/06/2016,"ATM CASH DEPOSIT 09/03 972 ADMIRAL CALLAGHAN LN VALLEJO CA",300.00,ATM,992.25,,
CREDIT,09/06/2016,"ATM CASH DEPOSIT 09/05 972 ADMIRAL CALLAGHAN LN VALLEJO CA",460.00,ATM,692.25,,
DEBIT,09/02/2016,"SAFEWAY  STORE  0774 BENICIA CA      629305  09/01",-3.91,DEBIT_CARD,232.25,,
DEBIT,09/02/2016,"MCDONALD'S F22138 VALLEJO CA                 08/31",-1.09,DEBIT_CARD,236.16,,
DEBIT,08/31/2016,"WHEEL WORKS 462462 VALLEJO CA        682674  08/31",-463.57,DEBIT_CARD,237.25,,
DEBIT,08/31/2016,"MCDONALD'S F32398 BENICIA CA                 08/30",-3.13,DEBIT_CARD,700.82,,
DEBIT,08/31/2016,"HABIT - VALLEJO #72 VALLEJO CA               08/30",-3.64,DEBIT_CARD,703.95,,
DEBIT,08/31/2016,"CENTURY THEATRES 445 VALLEJO CA              08/30",-6.25,DEBIT_CARD,707.59,,
DEBIT,08/31/2016,"MCDONALD'S F32398 BENICIA CA                 08/30",-9.23,DEBIT_CARD,713.84,,
DEBIT,08/31/2016,"MCDONALD'S F22138 VALLEJO CA                 08/29",-3.80,DEBIT_CARD,723.07,,
DEBIT,08/30/2016,"MCDONALD'S F22138 VALLEJO CA                 08/28",-4.78,DEBIT_CARD,726.87,,
CREDIT,08/30/2016,"Online Transfer from CHK ...5521 transaction#: 5626620140",400.00,ACCT_XFER,731.65,,
DEBIT,08/29/2016,"CHEVRON 0090319 VALLEJO CA                   08/28",-31.57,DEBIT_CARD,331.65,,
DEBIT,08/29/2016,"EB SAN FRANCISCO COMI 801-413-7200 CA        08/28",-54.52,DEBIT_CARD,363.22,,
DEBIT,08/29/2016,"TACO BELL 30752 BENICIA CA                   08/26",-3.26,DEBIT_CARD,417.74,,
DEBIT,08/29/2016,"WHEEL WORKS 462462 VALLEJO CA                08/26",-195.00,DEBIT_CARD,421.00,,
DEBIT,08/26/2016,"RALEY'S #343 BENICIA CA                      08/25",-1.18,DEBIT_CARD,616.00,,
DEBIT,08/25/2016,"SAFEWAY  STORE  0774 BENICIA CA      736331  08/25",-15.02,DEBIT_CARD,617.18,,
DEBIT,08/24/2016,"ISLAND PACIFIC SUPE VALLEJO CA               08/23",-2.60,DEBIT_CARD,632.20,,
DEBIT,08/24/2016,"MCDONALD'S F22138 VALLEJO CA                 08/22",-1.85,DEBIT_CARD,634.80,,
DEBIT,08/24/2016,"MCDONALD'S F22138 VALLEJO CA                 08/22",-2.72,DEBIT_CARD,636.65,,
DEBIT,08/22/2016,"SAFEWAY  FUEL  1883 AMERICAN CANY CA 861231  08/22",-27.27,DEBIT_CARD,639.37,,
DEBIT,08/22/2016,"IN-N-OUT BURGER #274 PLEASANT HILL CA        08/20",-4.12,DEBIT_CARD,666.64,,
DEBIT,08/22/2016,"YO SUSHI VALLEJO CA                          08/19",-4.29,DEBIT_CARD,670.76,,
DEBIT,08/22/2016,"MCDONALD'S F3171 SAN FRANCISCO CA            08/19",-3.57,DEBIT_CARD,675.05,,
DEBIT,08/22/2016,"BURGER KING #7145 BENICIA CA                 08/19",-14.08,DEBIT_CARD,678.62,,
DEBIT,08/19/2016,"DAISO BA09 MARKET SAN FRANCISCO CA   748641  08/19",-3.18,DEBIT_CARD,692.70,,
DEBIT,08/19/2016,"JAMBA JUICE 0432 BENICIA CA                  08/18",-6.69,DEBIT_CARD,695.88,,
DEBIT,08/19/2016,"MCDONALD'S F15395 BENICIA CA                 08/18",-4.88,DEBIT_CARD,702.57,,
DEBIT,08/19/2016,"CHEVRON 0090319 VALLEJO CA                   08/18",-18.69,DEBIT_CARD,707.45,,
DEBIT,08/17/2016,"FIVE GUYS 1585 Q 2780 PINOLE CA      056137  08/16",-3.27,DEBIT_CARD,726.14,,
DEBIT,08/15/2016,"SAFEWAY STORE  1883 AMERICAN CANY CA 678573  08/13",-7.96,DEBIT_CARD,729.41,,
DEBIT,08/15/2016,"HABIT - VALLEJO #72 VALLEJO CA               08/12",-2.06,DEBIT_CARD,737.37,,
DEBIT,08/15/2016,"CENTURY THEATRES 445 VALLEJO CA              08/12",-8.50,DEBIT_CARD,739.43,,
DEBIT,08/15/2016,"BURGER KING #1901 VALLEJO CA                 08/13",-3.24,DEBIT_CARD,747.93,,
DEBIT,08/15/2016,"CHEVRON 0090319 VALLEJO CA                   08/12",-28.39,DEBIT_CARD,751.17,,
DEBIT,08/12/2016,"TACO BELL 30752 BENICIA CA                   08/11",-1.40,DEBIT_CARD,779.56,,
DEBIT,08/12/2016,"TACO BELL 1614 HERCULES CA                   08/11",-2.18,DEBIT_CARD,780.96,,
DEBIT,08/12/2016,"99 RANCH #1781 RICHMOND CA                   08/11",-5.87,DEBIT_CARD,783.14,,
DEBIT,08/11/2016,"CAL STUDENT STORE BERKELEY CA                08/10",-1.29,DEBIT_CARD,789.01,,
DEBIT,08/11/2016,"MCDONALD'S F22138 VALLEJO CA                 08/09",-3.69,DEBIT_CARD,790.30,,
DEBIT,08/10/2016,"BART-CLIPPER N BERKELE BERKELEY CA           08/10",-20.00,DEBIT_CARD,793.99,,
DEBIT,08/10/2016,"JAMBA JUICE 0432 BENICIA CA                  08/09",-6.69,DEBIT_CARD,813.99,,
DEBIT,08/10/2016,"JAMBA JUICE 0432 BENICIA CA                  08/09",-6.69,DEBIT_CARD,820.68,,
DEBIT,08/10/2016,"CHEVRON 0090319 VALLEJO CA                   08/09",-24.73,DEBIT_CARD,827.37,,
DSLIP,08/10/2016,"REMOTE ONLINE DEPOSIT #          1",21.78,CHECK_DEPOSIT,852.10,1,
DEBIT,08/08/2016,"SG SMOG CHECK CENTER VALLEJO CA      132400  08/08",-40.00,DEBIT_CARD,830.32,,
DEBIT,08/08/2016,"CREPEVINE PALO ALTO PALO ALTO CA             08/06",-13.59,DEBIT_CARD,870.32,,
DEBIT,08/08/2016,"CENTURY THEATRES 445 VALLEJO CA              08/05",-25.50,DEBIT_CARD,883.91,,
DEBIT,08/08/2016,"CVS/PHARMACY #09927 VALLEJO CA               08/05",-1.49,DEBIT_CARD,909.41,,
DEBIT,08/08/2016,"MCDONALD'S F15395 BENICIA CA                 08/05",-4.86,DEBIT_CARD,910.90,,
DEBIT,08/08/2016,"STARBUCKS STORE 13215 BENICIA CA             08/05",-4.45,DEBIT_CARD,915.76,,
DEBIT,08/05/2016,"THE ORIGINAL RED ONION PINOLE CA             08/05",-6.34,DEBIT_CARD,920.21,,
DEBIT,08/05/2016,"SQ *ASHA TEA HOUSE (BER Berkeley CA          08/04",-3.00,DEBIT_CARD,926.55,,
DEBIT,08/05/2016,"SQ *UJI TIME DESSERT Berkeley CA             08/04",-2.18,DEBIT_CARD,929.55,,
DEBIT,08/05/2016,"MUSIC CONCOURSE GARAGE 5105994651 CA         08/04",-15.00,DEBIT_CARD,931.73,,
DEBIT,08/05/2016,"CHIPOTLE 1505 PINOLE CA                      08/04",-9.03,DEBIT_CARD,946.73,,
DEBIT,08/05/2016,"CHEVRON 0090319 VALLEJO CA                   08/04",-22.47,DEBIT_CARD,955.76,,
DEBIT,08/04/2016,"LUCKY #718.HERC HERCULES CA                  08/04",-12.20,DEBIT_CARD,978.23,,
DEBIT,08/04/2016,"Wal-Mart Super Cente AMERICAN CANY CA        08/03",-93.77,DEBIT_CARD,990.43,,
DEBIT,08/03/2016,"CALIFORNIA ACADEMY OF 415-379-8000 CA        08/03",-29.95,DEBIT_CARD,1084.20,,
DEBIT,08/02/2016,"CHEVRON 0090319 VALLEJO CA                   08/02",-29.64,DEBIT_CARD,1114.15,,
DEBIT,08/02/2016,"IN-N-OUT BURGER #240 SAN JOSE CA             08/01",-4.40,DEBIT_CARD,1143.79,,
DEBIT,08/02/2016,"MCDONALD'S F15395 BENICIA CA                 08/01",-6.07,DEBIT_CARD,1148.19,,
DEBIT,08/02/2016,"STEVES KOREAN BBQ BERKELEY CA                07/31",-21.88,DEBIT_CARD,1154.26,,
DEBIT,08/01/2016,"SAFEWAY  STORE  0774 BENICIA CA      037759  08/01",-17.33,DEBIT_CARD,1176.14,,
DEBIT,08/01/2016,"RALEY'S #343 BENICIA CA                      07/31",-3.48,DEBIT_CARD,1193.47,,
DEBIT,08/01/2016,"VAMPIRE PENGUIN BERKELEY CA                  08/01",-4.38,DEBIT_CARD,1196.95,,
DEBIT,08/01/2016,"DAISO BA10 BERKELEY BERKELEY CA              07/31",-1.50,DEBIT_CARD,1201.33,,
DEBIT,08/01/2016,"CHEVRON 0090319 VALLEJO CA                   07/31",-27.40,DEBIT_CARD,1202.83,,
DEBIT,08/01/2016,"WHEEL WORKS 462462 VALLEJO CA        408821  07/30",-179.41,DEBIT_CARD,1230.23,,
DEBIT,08/01/2016,"TAPIOCA EXPRESS VALLEJO CA                   07/30",-3.53,DEBIT_CARD,1409.64,,
DEBIT,08/01/2016,"BURGER KING #1901 VALLEJO CA                 07/31",-4.35,DEBIT_CARD,1413.17,,
DEBIT,08/01/2016,"MCDONALD'S F22138 VALLEJO CA                 07/29",-4.78,DEBIT_CARD,1417.52,,
DEBIT,08/01/2016,"AMAZON MKTPLACE PMTS AMZN.COM/BILL WA        07/29",-13.72,DEBIT_CARD,1422.30,,
DEBIT,08/01/2016,"SAN TUNG CHINESE RES SAN FRANCISCO CA        07/28",-35.60,DEBIT_CARD,1436.02,,
DEBIT,08/01/2016,"JAPAN CENTER GARAGE SAN FRANCISCO CA         07/28",-2.50,DEBIT_CARD,1471.62,,
DEBIT,08/01/2016,"BURGER KING #7145 BENICIA CA                 07/31",-1.62,DEBIT_CARD,1474.12,,
DEBIT,07/29/2016,"SEAFOOD CITY MA VALLEJO CA                   07/29",-14.02,DEBIT_CARD,1475.74,,
DEBIT,07/29/2016,"CCSF MTA PARKING MET SAN FRANCISCO CA        07/28",-6.50,DEBIT_CARD,1489.76,,
DEBIT,07/29/2016,"CHEVRON 0090319 VALLEJO CA                   07/28",-20.12,DEBIT_CARD,1496.26,,
DEBIT,07/28/2016,"MCDONALD'S F15395 BENICIA CA                 07/27",-1.09,DEBIT_CARD,1516.38,,
DEBIT,07/28/2016,"CHEVRON 0090319 VALLEJO CA                   07/27",-21.06,DEBIT_CARD,1517.47,,
DEBIT,07/28/2016,"CHEVRON 0090319 VALLEJO CA                   07/27",-6.03,DEBIT_CARD,1538.53,,
DEBIT,07/28/2016,"WINGSTOP 0324 VALLEJO CA                     07/26",-3.90,DEBIT_CARD,1544.56,,
DEBIT,07/28/2016,"MCDONALD'S F22138 VALLEJO CA                 07/26",-2.93,DEBIT_CARD,1548.46,,
DEBIT,07/27/2016,"BART-CLIPPER N BERKELE BERKELEY CA           07/27",-20.00,DEBIT_CARD,1551.39,,
DEBIT,07/27/2016,"FUDDRUCKERS 7161 CONCORD CA                  07/26",-2.67,DEBIT_CARD,1571.39,,
DEBIT,07/27/2016,"MCDONALD'S F15395 BENICIA CA                 07/26",-9.62,DEBIT_CARD,1574.06,,
DEBIT,07/26/2016,"CHEVRON 0090319 VALLEJO CA                   07/26",-25.19,DEBIT_CARD,1583.68,,
DEBIT,07/26/2016,"JAMBA JUICE 0432 BENICIA CA                  07/25",-6.69,DEBIT_CARD,1608.87,,
DEBIT,07/26/2016,"BENICIA HEALTH AND FITN BENICIA CA           07/25",-7.00,DEBIT_CARD,1615.56,,
DEBIT,07/26/2016,"MCDONALD'S F22138 VALLEJO CA                 07/24",-2.93,DEBIT_CARD,1622.56,,
DEBIT,07/25/2016,"IN-N-OUT BURGER #274 PLEASANT HILL CA        07/24",-4.12,DEBIT_CARD,1625.49,,
DEBIT,07/25/2016,"Wal-Mart Super Cente AMERICAN CANY CA        07/23",-28.05,DEBIT_CARD,1629.61,,
DEBIT,07/25/2016,"CHEVRON 0090319 VALLEJO CA                   07/23",-29.94,DEBIT_CARD,1657.66,,
DEBIT,07/25/2016,"CHICK-FIL-A #03343 VALLEJO CA                07/22",-1.84,DEBIT_CARD,1687.60,,
DEBIT,07/25/2016,"CENTURY THEATRES 445 VALLEJO CA              07/22",-17.00,DEBIT_CARD,1689.44,,
DEBIT,07/25/2016,"QUICKLY VALLEJO CA                           07/22",-1.85,DEBIT_CARD,1706.44,,
DEBIT,07/25/2016,"CHIPOTLE 0697 BERKELEY CA                    07/22",-9.03,DEBIT_CARD,1708.29,,
DEBIT,07/25/2016,"TEA FEVER BERKELEY CA                        07/22",-8.27,DEBIT_CARD,1717.32,,
DEBIT,07/25/2016,"MCDONALD'S F22138 VALLEJO CA                 07/21",-4.78,DEBIT_CARD,1725.59,,
DEBIT,07/22/2016,"BONJOUR BAKERY AND CAFE CONCORD CA           07/20",-4.09,DEBIT_CARD,1730.37,,
DEBIT,07/21/2016,"SHERWIN WILLIAMS 70806 VALLEJO CA    408367  07/21",-53.27,DEBIT_CARD,1734.46,,
DEBIT,07/21/2016,"VENMO 855-812-4430 NY                        07/20",-200.00,DEBIT_CARD,1787.73,,
DEBIT,07/21/2016,"STARBUCKS STORE 13215 BENICIA CA             07/19",-2.25,DEBIT_CARD,1987.73,,
DEBIT,07/20/2016,"99 MARKET #1073 1795 W CONCORD CA    919884  07/20",-1.34,DEBIT_CARD,1989.98,,
DEBIT,07/20/2016,"ARCO PAYPOINT PINOLE CA                      07/20",-29.45,DEBIT_CARD,1991.32,,
DEBIT,07/20/2016,"MCDONALD'S F15395 BENICIA CA                 07/19",-2.70,DEBIT_CARD,2020.77,,
DEBIT,07/20/2016,"MCDONALD'S F22138 VALLEJO CA                 07/18",-2.17,DEBIT_CARD,2023.47,,
DEBIT,07/19/2016,"WM SUPERC Wal-Mart S AMERICAN CANY CA        07/19",-21.47,DEBIT_CARD,2025.64,,
DEBIT,07/19/2016,"TARGET T- 904 Admiral Vallejo CA             07/18",-6.37,DEBIT_CARD,2047.11,,
DEBIT,07/19/2016,"QUICKLY VALLEJO CA                           07/19",-3.14,DEBIT_CARD,2053.48,,
DEBIT,07/19/2016,"MICHAELS STORES INC167 VALLEJO CA            07/18",-4.33,DEBIT_CARD,2056.62,,
DEBIT,07/19/2016,"AMAZON MKTPLACE PMTS AMZN.COM/BILL WA        07/18",-249.00,DEBIT_CARD,2060.95,,
DEBIT,07/18/2016,"PLANET FIT       CLUB FEES                  PPD ID: 1710602737",-10.00,ACH_DEBIT,2309.95,,
DEBIT,07/18/2016,"7-ELEVEN PINOLE CA                           07/17",-0.99,DEBIT_CARD,2319.95,,
DEBIT,07/18/2016,"CHEVRON 0092661 BENICIA CA                   07/17",-26.97,DEBIT_CARD,2320.94,,
DEBIT,07/18/2016,"TACO BELL 30752 BENICIA CA                   07/16",-25.60,DEBIT_CARD,2347.91,,
DEBIT,07/18/2016,"MCDONALD'S F22138 VALLEJO CA                 07/16",-1.09,DEBIT_CARD,2373.51,,
DEBIT,07/18/2016,"JAY MART BERKELEY CA                         07/15",-5.49,DEBIT_CARD,2374.60,,
DEBIT,07/15/2016,"99 MARKET 1795 WILLOW CONCORD CA             07/15",-4.97,DEBIT_CARD,2380.09,,
DEBIT,07/15/2016,"Amazon.com AMZN.COM/BILL WA                  07/15",-11.88,DEBIT_CARD,2385.06,,
DEBIT,07/15/2016,"BALDOS MEXICAN FOOD VALLEJO CA               07/14",-3.00,DEBIT_CARD,2396.94,,
DEBIT,07/15/2016,"BALDOS MEXICAN FOOD VALLEJO CA               07/14",-10.74,DEBIT_CARD,2399.94,,
DEBIT,07/15/2016,"CHEVRON 0090319 VALLEJO CA                   07/14",-32.02,DEBIT_CARD,2410.68,,
DEBIT,07/15/2016,"MCDONALD'S F2841 PLEASANT HILL CA            07/14",-1.09,DEBIT_CARD,2442.70,,
DEBIT,07/15/2016,"NATION'S GIANT HAM BENICIA CA                07/13",-4.94,DEBIT_CARD,2443.79,,
DEBIT,07/14/2016,"RITE AID STORE - 5910 BENICIA CA     082313  07/13",-5.42,DEBIT_CARD,2448.73,,
DEBIT,07/14/2016,"7-ELEVEN BENICIA CA                          07/13",-3.15,DEBIT_CARD,2454.15,,
DEBIT,07/13/2016,"7-ELEVEN BENICIA CA                          07/13",-2.16,DEBIT_CARD,2457.30,,
DEBIT,07/13/2016,"CHEVRON 0092661 BENICIA CA                   07/12",-24.95,DEBIT_CARD,2459.46,,
DEBIT,07/11/2016,"103 AMERICAN CANYON AMERICAN CANY CA 963249  07/11",-10.39,DEBIT_CARD,2484.41,,
DEBIT,07/11/2016,"TM *MAD DECENT BLOCK 415-421-8497 CA         07/11",-82.35,DEBIT_CARD,2494.80,,
DEBIT,07/11/2016,"SQ *UCAFE, BERKELEY Berkeley CA              07/10",-3.87,DEBIT_CARD,2577.15,,
DEBIT,07/11/2016,"PANDA EXPRESS, INC BENICIA CA                07/10",-7.93,DEBIT_CARD,2581.02,,
DEBIT,07/11/2016,"CHEVRON 0090319 VALLEJO CA                   07/10",-34.64,DEBIT_CARD,2588.95,,
DEBIT,07/11/2016,"NATION'S GIANT HAM BENICIA CA                07/08",-2.55,DEBIT_CARD,2623.59,,
DEBIT,07/11/2016,"PACIFICA PIZZA BENECIA BENICIA CA            07/08",-6.50,DEBIT_CARD,2626.14,,
DEBIT,07/11/2016,"PURPLE KOW BERKELEY CA                       07/08",-5.18,DEBIT_CARD,2632.64,,
DEBIT,07/08/2016,"CHIPOTLE 2315 VALLEJO CA                     07/07",-8.36,DEBIT_CARD,2637.82,,
DEBIT,07/08/2016,"CARL'S JR 7106 BENICIA CA                    07/07",-2.81,DEBIT_CARD,2646.18,,
DEBIT,07/08/2016,"TACO BELL #031450 PLEASANT HILL CA           07/07",-1.09,DEBIT_CARD,2648.99,,
DEBIT,07/08/2016,"BIG 5 SPORTING GOODS PLEASANT HILL CA        07/07",-42.29,DEBIT_CARD,2650.08,,
DEBIT,07/08/2016,"CHARLEYS PHILLY STEAKS CONCORD CA            07/07",-2.39,DEBIT_CARD,2692.37,,
DEBIT,07/08/2016,"MCDONALD'S F22138 VALLEJO CA                 07/06",-5.87,DEBIT_CARD,2694.76,,
DEBIT,07/07/2016,"CHEVRON 0090319 VALLEJO CA                   07/06",-27.83,DEBIT_CARD,2700.63,,
DEBIT,07/05/2016,"BART-CLIPPER N BERKELE BERKELEY CA           07/05",-20.00,DEBIT_CARD,2728.46,,
DEBIT,07/05/2016,"CHEVRON 0090319 VALLEJO CA                   07/02",-29.19,DEBIT_CARD,2748.46,,
DEBIT,07/05/2016,"TACO BELL 27438 FAIRFIELD CA                 07/01",-2.49,DEBIT_CARD,2777.65,,
DEBIT,07/05/2016,"IN-N-OUT BURGER #125 FAIRFIELD CA            07/01",-6.52,DEBIT_CARD,2780.14,,
DEBIT,07/01/2016,"SAFEWAY  STORE  0774 BENICIA CA      288321  06/30",-2.99,DEBIT_CARD,2786.66,,
DEBIT,07/01/2016,"BURGER KING #3908 BENICIA CA                 06/30",-6.60,DEBIT_CARD,2789.65,,
DEBIT,07/01/2016,"BURGER KING #3908 BENICIA CA                 06/30",-3.25,DEBIT_CARD,2796.25,,
DEBIT,06/30/2016,"MCDONALD'S F15395 BENICIA CA                 06/29",-3.90,DEBIT_CARD,2799.50,,
DEBIT,06/29/2016,"WINGSTOP 0324 VALLEJO CA                     06/28",-12.16,DEBIT_CARD,2803.40,,
DEBIT,06/29/2016,"MCDONALD'S F22138 VALLEJO CA                 06/28",-2.28,DEBIT_CARD,2815.56,,
CREDIT,06/29/2016,"U.C. SAN DIEGO   UCSD PAYRL                 PPD ID: 1956006144",104.04,ACH_CREDIT,2817.84,,
DEBIT,06/28/2016,"PAYPAL           INST XFER  CMASON2015      WEB ID: PAYPALSI77",-8.99,ACH_DEBIT,2713.80,,
DEBIT,06/28/2016,"SAFEWAY STORE  1883 AMERICAN CANY CA 261373  06/28",-5.99,DEBIT_CARD,2722.79,,
DEBIT,06/28/2016,"CHEVRON 0090319 VALLEJO CA                   06/27",-31.56,DEBIT_CARD,2728.78,,
DEBIT,06/28/2016,"AMAZON MKTPLACE PMTS AMZN.COM/BILL WA        06/27",-4.11,DEBIT_CARD,2760.34,,
DEBIT,06/27/2016,"ISLAND PACIFIC SUPERMA VALLEJO CA    023818  06/27",-9.99,DEBIT_CARD,2764.45,,
DEBIT,06/27/2016,"PAYLESS SHOESOURCE VALLEJO CA                06/27",-43.44,DEBIT_CARD,2774.44,,
DEBIT,06/27/2016,"TARGET T- 904 Admiral Vallejo CA             06/27",-88.75,DEBIT_CARD,2817.88,,
DEBIT,06/27/2016,"AMAZON MKTPLACE PMTS AMZN.COM/BILL WA        06/27",-31.38,DEBIT_CARD,2906.63,,
DEBIT,06/27/2016,"MCDONALD'S F15395 BENICIA CA                 06/25",-1.09,DEBIT_CARD,2938.01,,
DEBIT,06/27/2016,"WETZEL'S PRETZELS CONCORD CA                 06/25",-5.99,DEBIT_CARD,2939.10,,
DEBIT,06/27/2016,"CENTURY THEATRES 445 VALLEJO CA              06/24",-11.50,DEBIT_CARD,2945.09,,
DEBIT,06/27/2016,"JAMBA JUICE 0432 BENICIA CA                  06/24",-6.69,DEBIT_CARD,2956.59,,
DEBIT,06/27/2016,"IKEA EAST BAY EMERYVILLE CA                  06/23",-12.50,DEBIT_CARD,2963.28,,
DEBIT,06/24/2016,"SQ *SWEETHEART CAFE Berkeley CA              06/24",-2.89,DEBIT_CARD,2975.78,,
DEBIT,06/24/2016,"CHEVRON 0090319 VALLEJO CA                   06/23",-23.49,DEBIT_CARD,2978.67,,
DEBIT,06/23/2016,"COSTCO WHSE #0132 VALLEJO CA         470670  06/23",-4.33,DEBIT_CARD,3002.16,,
DEBIT,06/23/2016,"SORABOL EMERYVILLE EMERYVILLE CA             06/21",-13.09,DEBIT_CARD,3006.49,,
DEBIT,06/22/2016,"ICI ICE CREAM LLC BERKELEY CA                06/21",-3.25,DEBIT_CARD,3019.58,,
DEBIT,06/22/2016,"CHEVRON 0090319 VALLEJO CA                   06/21",-32.10,DEBIT_CARD,3022.83,,
DEBIT,06/22/2016,"CHICK-FIL-A #03343 VELLEJO CA                06/20",-8.13,DEBIT_CARD,3054.93,,
DEBIT,06/22/2016,"Debit for $33,800.00, an item posted in error  on 06/20/2016.  Our reference number ESDS160621-5805, Deposit Location Number 1518246183.",-33800.00,MISC_DEBIT,3063.06,,
DEBIT,06/21/2016,"ATM WITHDRAWAL                       001253  06/21972 ADMIR",-100.00,ATM,36863.06,,
DEBIT,06/20/2016,"CENTURY THEATRES 445 VALLEJO CA              06/18",-11.50,DEBIT_CARD,36963.06,,
DEBIT,06/20/2016,"QUICKLY VALLEJO CA                           06/19",-4.54,DEBIT_CARD,36974.56,,
DEBIT,06/20/2016,"SEAFOOD CITY MARKET VALLEJO CA               06/18",-25.15,DEBIT_CARD,36979.10,,
DEBIT,06/20/2016,"HOLE IN THE WALL BURG SANTA MONICA CA        06/18",-10.90,DEBIT_CARD,37004.25,,
DEBIT,06/20/2016,"SQ *MISSION BAY SPORTS San Diego CA          06/17",-49.50,DEBIT_CARD,37015.15,,
DEBIT,06/20/2016,"PHILS BBQ SAN DIEGO CA                       06/17",-17.44,DEBIT_CARD,37064.65,,
DSLIP,06/20/2016,"DEPOSIT  ID NUMBER 246183",33800.00,DEPOSIT,37082.09,,
DEBIT,06/17/2016,"CHIPOTLE 0107 LA JOLLA CA                    06/16",-6.26,DEBIT_CARD,3282.09,,
DEBIT,06/16/2016,"RALPHS 8657 VIL LA JOL LA JOLLA CA   900882  06/16",-1.99,DEBIT_CARD,3288.35,,
DEBIT,06/16/2016,"RALPHS 8657 VIL LA JOL LA JOLLA CA   544166  06/16",-1.99,DEBIT_CARD,3290.34,,
DEBIT,06/15/2016,"RALPHS    8657 VIL LA LA JOLLA CA            06/15",-3.59,DEBIT_CARD,3292.33,,
DEBIT,06/15/2016,"RALPHS    8657 VIL LA LA JOLLA CA            06/15",-7.09,DEBIT_CARD,3295.92,,
DEBIT,06/15/2016,"RALPHS    8657 VIL LA LA JOLLA CA            06/15",-5.29,DEBIT_CARD,3303.01,,
DEBIT,06/15/2016,"JAMBA JUICE #16 LA JOLLA CA                  06/14",-6.29,DEBIT_CARD,3308.30,,
DEBIT,06/15/2016,"JAMBA JUICE #16 LA JOLLA CA                  06/14",-5.00,DEBIT_CARD,3314.59,,
CREDIT,06/15/2016,"U.C. SAN DIEGO   UCSD PAYRL                 PPD ID: 1956006144",197.93,ACH_CREDIT,3319.59,,
DEBIT,06/14/2016,"RALPHS    8657 VIL LA LA JOLLA CA            06/14",-3.38,DEBIT_CARD,3121.66,,
DEBIT,06/14/2016,"RALPHS 8657 VIL LA JOL LA JOLLA CA   936383  06/13",-2.38,DEBIT_CARD,3125.04,,
DEBIT,06/14/2016,"TAPIOCA EXPRESS SAN DIEGO CA                 06/12",-4.50,DEBIT_CARD,3127.42,,
DEBIT,06/13/2016,"RALPHS    8657 VIL LA LA JOLLA CA            06/13",-7.26,DEBIT_CARD,3131.92,,
DEBIT,06/13/2016,"CHIPOTLE 0107 LA JOLLA CA                    06/11",-8.32,DEBIT_CARD,3139.18,,
DEBIT,06/13/2016,"TAPIOCA EXPRESS SAN DIEGO CA                 06/10",-9.10,DEBIT_CARD,3147.50,,
DEBIT,06/13/2016,"TAPIOCA EXPRESS SAN DIEGO CA                 06/10",-5.00,DEBIT_CARD,3156.60,,
DEBIT,06/13/2016,"UCSD-BOOKSTORES LA JOLLA CA                  06/10",-2.97,DEBIT_CARD,3161.60,,
DEBIT,06/13/2016,"TAPIOCA EXPRESS SAN DIEGO CA                 06/09",-9.90,DEBIT_CARD,3164.57,,
CREDIT,06/13/2016,"Online Transfer from CHK ...5521 transaction#: 5458949402",1400.00,ACCT_XFER,3174.47,,
DEBIT,06/10/2016,"RALPHS    8657 VIL LA LA JOLLA CA            06/10",-4.85,DEBIT_CARD,1774.47,,
DEBIT,06/10/2016,"UCSD-BOOKSTORES LA JOLLA CA                  06/09",-3.98,DEBIT_CARD,1779.32,,
DEBIT,06/10/2016,"TAPIOCA EXPRESS SAN DIEGO CA                 06/08",-4.50,DEBIT_CARD,1783.30,,
DEBIT,06/09/2016,"SANTORINI GREEK ISLAND LA JOLLA CA           06/09",-8.50,DEBIT_CARD,1787.80,,
DEBIT,06/09/2016,"SHOGUN OF LA JOLLA LA JOLLA CA               06/06",-1.83,DEBIT_CARD,1796.30,,
DEBIT,06/08/2016,"RALPHS 8657 VIL LA JOL LA JOLLA CA   163189  06/08",-2.50,DEBIT_CARD,1798.13,,
DEBIT,06/08/2016,"SPRINKLES CUPCAKES 008 LA JOLLA CA           06/07",-8.44,DEBIT_CARD,1800.63,,
DEBIT,06/08/2016,"TAPIOCA EXPRESS SAN DIEGO CA                 06/06",-4.50,DEBIT_CARD,1809.07,,
DEBIT,06/08/2016,"TAPIOCA EXPRESS SAN DIEGO CA                 06/06",-9.15,DEBIT_CARD,1813.57,,
DEBIT,06/07/2016,"Regents of UC    QuikPAY EP 367122627       WEB ID: 1364199567",-0.90,ACH_DEBIT,1822.72,,
DEBIT,06/07/2016,"RALPHS    8657 VIL LA LA JOLLA CA            06/07",-6.38,DEBIT_CARD,1823.62,,
DEBIT,06/07/2016,"UCSD AUDREY'S LA JOLLA CA                    06/07",-2.15,DEBIT_CARD,1830.00,,
DEBIT,06/07/2016,"UCSD-BOOKSTORES LA JOLLA CA                  06/06",-2.79,DEBIT_CARD,1832.15,,
DEBIT,06/06/2016,"Netflix.com Netflix.com CA                   06/04",-11.99,DEBIT_CARD,1834.94,,
DEBIT,06/06/2016,"TRADER JOE'S # 020 LA JOLLA CA       940243  06/05",-4.59,DEBIT_CARD,1846.93,,
DEBIT,06/06/2016,"DOMINO'S 8407 310-473-6575 CA                06/05",-12.94,DEBIT_CARD,1851.52,,
DEBIT,06/06/2016,"CHIPOTLE 0107 LA JOLLA CA                    06/04",-8.32,DEBIT_CARD,1864.46,,
DEBIT,06/06/2016,"RALPHS 8657 VIL LA JOL LA JOLLA CA   807101  06/04",-4.48,DEBIT_CARD,1872.78,,
DEBIT,06/06/2016,"TAPIOCA EXPRESS SAN DIEGO CA                 06/02",-4.50,DEBIT_CARD,1877.26,,
DEBIT,06/06/2016,"TAPIOCA EXPRESS SAN DIEGO CA                 06/02",-8.55,DEBIT_CARD,1881.76,,
DEBIT,06/03/2016,"R AND V MANAGEME RENTAL     126357408       WEB ID: 1330808047",-405.03,ACH_DEBIT,1890.31,,
DEBIT,06/03/2016,"TAPIOCA EXPRESS SAN DIEGO CA                 06/01",-8.87,DEBIT_CARD,2295.34,,
DEBIT,06/02/2016,"DEPOSIT ITEM RETURNED FEE: 01 NSF 1st        099022638                                       # OF ITEMS00001CK#:0000000112                                        DEP AMT0000140000     DEP DATE053116CK AMT0000001200                                                                               SVC FEE001200",-12.00,FEE_TRANSACTION,2304.21,,
DEBIT,06/02/2016,"RALPHS 8657 VIL LA JOL LA JOLLA CA   640089  06/02",-2.99,DEBIT_CARD,2316.21,,
DEBIT,06/02/2016,"UCSD AUDREY'S LA JOLLA CA                    06/01",-4.30,DEBIT_CARD,2319.20,,
DEBIT,06/02/2016,"UCSD HDH CANYON VISTA LA JOLLA CA            06/01",-1.39,DEBIT_CARD,2323.50,,
DEBIT,06/02/2016,"DEPOSITED ITEM RETURNED       NSF 1st        099022638                                       # OF ITEMS00001CK#:0000000112                                        DEP AMT0000140000     DEP DATE053116CK AMT0000140000                                                                               SVC FEE001200",-1400.00,DEPOSIT_RETURN,2324.89,,
DEBIT,06/01/2016,"LEMONGRASS ASIAN PLATE LA JOLLA CA           06/01",-8.37,DEBIT_CARD,3724.89,,
DEBIT,06/01/2016,"VILLAGE SQUARE APT LA JOLLA CA               05/30",-10.00,DEBIT_CARD,3733.26,,
CREDIT,06/01/2016,"U.C. SAN DIEGO   UCSD PAYRL                 PPD ID: 1956006144",228.38,ACH_CREDIT,3743.26,,
DEBIT,05/31/2016,"RALPHS 8657 VIL LA JOL LA JOLLA CA   817976  05/30",-10.18,DEBIT_CARD,3514.88,,
DEBIT,05/31/2016,"TAPIOCA EXPRESS SAN DIEGO CA                 05/28",-4.50,DEBIT_CARD,3525.06,,
DEBIT,05/31/2016,"LA JOLLA VILLAGE SMILES LAJOLLA CA           05/27",-28.90,DEBIT_CARD,3529.56,,
DSLIP,05/31/2016,"REMOTE ONLINE DEPOSIT #          1",1400.00,CHECK_DEPOSIT,3558.46,1,
DEBIT,05/27/2016,"RALPHS 8657 VIL LA JOL LA JOLLA CA   132530  05/27",-3.00,DEBIT_CARD,2158.46,,
DEBIT,05/27/2016,"PANDA EXPRESS #786 LA JOLLA CA               05/26",-6.26,DEBIT_CARD,2161.46,,
DEBIT,05/27/2016,"PANDA EXPRESS #786 LA JOLLA CA               05/26",-8.69,DEBIT_CARD,2167.72,,
DEBIT,05/27/2016,"UCSD HDH PINES LA JOLLA CA                   05/26",-5.90,DEBIT_CARD,2176.41,,
DEBIT,05/26/2016,"UC SAN DIEGO LA JOLLA CA             624288  05/26",-2.49,DEBIT_CARD,2182.31,,
DEBIT,05/26/2016,"JAMBA JUICE #371 LA JOLLA CA                 05/25",-6.29,DEBIT_CARD,2184.80,,
DEBIT,05/26/2016,"YOGURT WORLD MIRA MESA SAN DIEGO CA          05/25",-4.84,DEBIT_CARD,2191.09,,
DEBIT,05/26/2016,"UCSD AUDREY'S LA JOLLA CA                    05/25",-2.50,DEBIT_CARD,2195.93,,
DEBIT,05/26/2016,"UCSD HDH CANYON VISTA LA JOLLA CA            05/25",-1.98,DEBIT_CARD,2198.43,,
DEBIT,05/25/2016,"BURGER KING #16576 LA JOLLA CA               05/24",-5.40,DEBIT_CARD,2200.41,,
DEBIT,05/25/2016,"0671 ROUND TABLE PIZZA LA JOLLA CA           05/24",-3.51,DEBIT_CARD,2205.81,,
DEBIT,05/24/2016,"ROOSTERTEETH.COM ROOSTERTEETH. TX            05/23",-15.99,DEBIT_CARD,2209.32,,
DEBIT,05/23/2016,"TAPIOCA EXPRESS SAN DIEGO CA                 05/21",-4.50,DEBIT_CARD,2225.31,,
DEBIT,05/23/2016,"UBER   *MAY21 US 42AB 866-576-1039 CA        05/21",-5.72,DEBIT_CARD,2229.81,,
DEBIT,05/23/2016,"UCB SUMMER SESSIONS-I 510-642-9301 CA        05/21",-1981.00,DEBIT_CARD,2235.53,,
DEBIT,05/23/2016,"UCSD HDH CANYON VISTA LA JOLLA CA            05/20",-1.99,DEBIT_CARD,4216.53,,
DEBIT,05/23/2016,"TAPIOCA EXPRESS SAN DIEGO CA                 05/19",-4.50,DEBIT_CARD,4218.52,,
DEBIT,05/23/2016,"TAPIOCA EXPRESS SAN DIEGO CA                 05/19",-9.84,DEBIT_CARD,4223.02,,
DEBIT,05/20/2016,"JAMBA JUICE #371 LA JOLLA CA                 05/19",-6.29,DEBIT_CARD,4232.86,,
DEBIT,05/20/2016,"0671 ROUND TABLE PIZZA LA JOLLA CA           05/19",-2.43,DEBIT_CARD,4239.15,,
DEBIT,05/20/2016,"TAPIOCA EXPRESS SAN DIEGO CA                 05/18",-4.50,DEBIT_CARD,4241.58,,
DEBIT,05/20/2016,"TAPIOCA EXPRESS SAN DIEGO CA                 05/18",-4.50,DEBIT_CARD,4246.08,,
DEBIT,05/19/2016,"SANTORINI GREEK ISLAND LA JOLLA CA           05/19",-8.61,DEBIT_CARD,4250.58,,
CREDIT,05/18/2016,"U.C. SAN DIEGO   UCSD PAYRL                 PPD ID: 1956006144",192.85,ACH_CREDIT,4259.19,,
DEBIT,05/16/2016,"RALPHS 8657 VIL LA JOL LA JOLLA CA   709210  05/14",-2.79,DEBIT_CARD,4066.34,,
DEBIT,05/13/2016,"RALPHS 8657 VIL LA JOL LA JOLLA CA   831233  05/12",-6.67,DEBIT_CARD,4069.13,,
DEBIT,05/13/2016,"UCSD HDH CANYON VISTA LA JOLLA CA            05/12",-1.35,DEBIT_CARD,4075.80,,
DEBIT,05/12/2016,"COLDSTONE #20053 SAN DIEGO CA                05/11",-6.04,DEBIT_CARD,4077.15,,
DEBIT,05/12/2016,"PARCHMENT - UNIV DOCS 480-719-1646 AZ        05/12",-17.75,DEBIT_CARD,4083.19,,
DEBIT,05/11/2016,"RALPHS 8657 VIL LA JOL LA JOLLA CA   945037  05/10",-23.19,DEBIT_CARD,4100.94,,
DEBIT,05/11/2016,"UCSD HDH PINES LA JOLLA CA                   05/10",-4.95,DEBIT_CARD,4124.13,,
DEBIT,05/10/2016,"SANTORINI GREEK ISLAND LA JOLLA CA           05/10",-6.45,DEBIT_CARD,4129.08,,
DEBIT,05/09/2016,"STARBUCKS CARD RELOAD 800-782-7282 WA        05/08",-10.00,DEBIT_CARD,4135.53,,
DEBIT,05/09/2016,"STARBUCKS #00644 LA JOL La Jolla CA          05/06",-5.00,DEBIT_CARD,4145.53,,
DEBIT,05/09/2016,"TAPIOCA EXPRESS SAN DIEGO CA                 05/05",-9.08,DEBIT_CARD,4150.53,,
DEBIT,05/09/2016,"UCSD BOX OFFICE PRICE C LA JOLLA CA          05/04",-60.90,DEBIT_CARD,4159.61,,
DEBIT,05/06/2016,"RALPHS 8657 VIL LA JOL LA JOLLA CA   512824  05/05",-7.17,DEBIT_CARD,4220.51,,
DEBIT,05/05/2016,"NETFLIX.COM 866-579-7172 CA                  05/04",-11.99,DEBIT_CARD,4227.68,,
DEBIT,05/05/2016,"RALPHS 8657 VIL LA JOL LA JOLLA CA   534502  05/05",-4.48,DEBIT_CARD,4239.67,,
DEBIT,05/05/2016,"UCSD HDH CANYON VISTA LA JOLLA CA            05/04",-6.94,DEBIT_CARD,4244.15,,
DEBIT,05/04/2016,"RALPHS 8657 VIL LA JOL LA JOLLA CA   947352  05/03",-1.49,DEBIT_CARD,4251.09,,
DEBIT,05/04/2016,"RALPHS 8657 VIL LA JOL LA JOLLA CA   734000  05/03",-6.76,DEBIT_CARD,4252.58,,
DEBIT,05/04/2016,"UCSD HDH PINES LA JOLLA CA                   05/03",-2.95,DEBIT_CARD,4259.34,,
CREDIT,05/04/2016,"U.C. SAN DIEGO   UCSD PAYRL                 PPD ID: 1956006144",250.37,ACH_CREDIT,4262.29,,
DEBIT,05/03/2016,"TWC*TIME WARNER CABLE 888-TWCABLE CA         05/03",-34.99,DEBIT_CARD,4011.92,,
DEBIT,05/03/2016,"R AND V MANAGEME RENTAL     123198556       WEB ID: 1330808047",-702.42,ACH_DEBIT,4046.91,,
DEBIT,05/02/2016,"SAN DIEGO EVENT CATERIN SAN DIEGO CA         04/30",-8.50,DEBIT_CARD,4749.33,,
DEBIT,05/02/2016,"UCSD HDH EARLS PLACE LA JOLLA CA             04/29",-2.97,DEBIT_CARD,4757.83,,
DEBIT,05/02/2016,"TAPIOCA EXPRESS SAN DIEGO CA                 04/28",-8.80,DEBIT_CARD,4760.80,,
DEBIT,04/29/2016,"RALPHS 8657 VIL LA JOL LA JOLLA CA   902252  04/28",-2.69,DEBIT_CARD,4769.60,,
DEBIT,04/29/2016,"LEMONGRASS ASIAN PLATE LA JOLLA CA           04/28",-16.20,DEBIT_CARD,4772.29,,
DEBIT,04/29/2016,"Amazon.com AMZN.COM/BILL WA                  04/29",-8.63,DEBIT_CARD,4788.49,,
DEBIT,04/29/2016,"Amazon.com AMZN.COM/BILL WA                  04/28",-11.92,DEBIT_CARD,4797.12,,
DEBIT,04/28/2016,"RALPHS 8657 VIL LA JOL LA JOLLA CA   932946  04/28",-9.24,DEBIT_CARD,4809.04,,
DEBIT,04/28/2016,"RALPHS 8657 VIL LA JOL LA JOLLA CA   715187  04/27",-3.68,DEBIT_CARD,4818.28,,
DEBIT,04/28/2016,"DLUSH UCSD LA JOLLA CA                       04/27",-2.49,DEBIT_CARD,4821.96,,
DEBIT,04/27/2016,"JAMBA JUICE #371 LA JOLLA CA                 04/26",-6.29,DEBIT_CARD,4824.45,,
DEBIT,04/27/2016,"UCSD HDH PINES LA JOLLA CA                   04/26",-13.90,DEBIT_CARD,4830.74,,
DEBIT,04/27/2016,"VILLAGE SQUARE APT LA JOLLA CA               04/24",-10.00,DEBIT_CARD,4844.64,,
DEBIT,04/25/2016,"GOOGLE *Music g.co/payhelp# CA               04/25",-1.29,DEBIT_CARD,4854.64,,
DEBIT,04/25/2016,"GOOGLE *Music g.co/payhelp# CA               04/25",-1.29,DEBIT_CARD,4855.93,,
DEBIT,04/25/2016,"GOOGLE *Music g.co/payhelp# CA               04/25",-1.29,DEBIT_CARD,4857.22,,
DEBIT,04/25/2016,"BESTBUY CASHSTAR EGIF 877-850-1977 ME        04/24",-10.00,DEBIT_CARD,4858.51,,
DEBIT,04/25/2016,"SANTORINI GREEK ISLAND LA JOLLA CA           04/23",-4.84,DEBIT_CARD,4868.51,,
DEBIT,04/25/2016,"TAPIOCA EXPRESS SAN DIEGO CA                 04/21",-3.19,DEBIT_CARD,4873.35,,
DEBIT,04/25/2016,"TAPIOCA EXPRESS SAN DIEGO CA                 04/21",-4.75,DEBIT_CARD,4876.54,,
DEBIT,04/22/2016,"RALPHS 8657 VIL LA JOL LA JOLLA CA   725876  04/22",-4.58,DEBIT_CARD,4881.29,,
DEBIT,04/22/2016,"RALPHS 8657 VIL LA JOL LA JOLLA CA   645219  04/22",-22.08,DEBIT_CARD,4885.87,,
DEBIT,04/22/2016,"UCSD HDH VENTANAS LA JOLLA CA                04/21",-3.24,DEBIT_CARD,4907.95,,
DEBIT,04/22/2016,"SANTORINI GREEK ISLAND LA JOLLA CA           04/21",-4.84,DEBIT_CARD,4911.19,,
DEBIT,04/20/2016,"UC SAN DIEGO LA JOLLA CA             102666  04/20",-1.62,DEBIT_CARD,4916.03,,
DEBIT,04/20/2016,"JAMBA JUICE #371 LA JOLLA CA                 04/19",-6.29,DEBIT_CARD,4917.65,,
DEBIT,04/20/2016,"UCSD HDH VENTANAS LA JOLLA CA                04/19",-2.70,DEBIT_CARD,4923.94,,
CREDIT,04/20/2016,"U.C. SAN DIEGO   UCSD PAYRL                 PPD ID: 1956006144",254.53,ACH_CREDIT,4926.64,,
DEBIT,04/19/2016,"JAMBA JUICE #371 LA JOLLA CA                 04/18",-6.29,DEBIT_CARD,4672.11,,
DEBIT,04/19/2016,"VENMO 855-812-4430 NY                        04/18",-16.50,DEBIT_CARD,4678.40,,
DEBIT,04/19/2016,"VENMO 855-812-4430 NY                        04/18",-20.08,DEBIT_CARD,4694.90,,
DEBIT,04/18/2016,"RALPHS 8657 VIL LA JOL LA JOLLA CA   862005  04/17",-5.72,DEBIT_CARD,4714.98,,
DEBIT,04/18/2016,"RALPHS 8657 VIL LA JOL LA JOLLA CA   811075  04/17",-19.04,DEBIT_CARD,4720.70,,
DEBIT,04/18/2016,"5GUYS 553 COSTA VERDE SAN DIEGO CA           04/16",-7.55,DEBIT_CARD,4739.74,,
DEBIT,04/18/2016,"RALPHS 8657 VIL LA JOL LA JOLLA CA   737337  04/15",-7.30,DEBIT_CARD,4747.29,,
DEBIT,04/18/2016,"WAHINE KAI SHAVE ICE POWAY CA                04/16",-6.02,DEBIT_CARD,4754.59,,
DEBIT,04/18/2016,"FB *Zucchini TheHelini pay.fb.com CA         04/16",0.01,DEBIT_CARD,4760.61,,
DEBIT,04/18/2016,"FB *Michael Lavu pay.fb.com CA               04/15",0.01,DEBIT_CARD,4760.60,,
DEBIT,04/18/2016,"FB *Jason Yoo pay.fb.com CA                  04/15",1.00,DEBIT_CARD,4760.59,,
DEBIT,04/15/2016,"JAMBA JUICE #371 LA JOLLA CA                 04/14",-6.29,DEBIT_CARD,4759.59,,
DEBIT,04/15/2016,"DOMINO'S 8407 LA JOLLA CA                    04/14",-12.94,DEBIT_CARD,4765.88,,
DEBIT,04/14/2016,"UCSD HDH VENTANAS LA JOLLA CA                04/12",-8.34,DEBIT_CARD,4778.82,,
DEBIT,04/13/2016,"UC SAN DIEGO LA JOLLA CA             030562  04/13",-1.62,DEBIT_CARD,4787.16,,
DEBIT,04/13/2016,"UC SAN DIEGO LA JOLLA CA             030267  04/13",-3.24,DEBIT_CARD,4788.78,,
DEBIT,04/12/2016,"TRADER JOE'S # 020 LA JOLLA CA       899166  04/12",-4.59,DEBIT_CARD,4792.02,,
DEBIT,04/11/2016,"RALPHS 8657 VIL LA JOL LA JOLLA CA   853798  04/11",-3.79,DEBIT_CARD,4796.61,,
DEBIT,04/11/2016,"UBER TECHNOLOGIES INC 866-576-1039 CA        04/10",-4.75,DEBIT_CARD,4800.40,,
DEBIT,04/11/2016,"RALPHS 8657 VIL LA JOL LA JOLLA CA   053056  04/09",-12.77,DEBIT_CARD,4805.15,,
DEBIT,04/11/2016,"UBER TECHNOLOGIES INC 866-576-1039 CA        04/09",-5.00,DEBIT_CARD,4817.92,,
DEBIT,04/11/2016,"FB *Zucchini TheHelini pay.fb.com CA         04/09",-0.01,DEBIT_CARD,4822.92,,
DEBIT,04/11/2016,"SQ *OO TEA San Diego CA                      04/08",-4.31,DEBIT_CARD,4822.93,,
DEBIT,04/11/2016,"FB *Michael Lavu pay.fb.com CA               04/08",-0.01,DEBIT_CARD,4827.24,,
DEBIT,04/11/2016,"FB *Jason Yoo pay.fb.com CA                  04/08",-1.00,DEBIT_CARD,4827.25,,
DEBIT,04/11/2016,"TAPIOCA EXPRESS SAN DIEGO CA                 04/07",-3.45,DEBIT_CARD,4828.25,,
DEBIT,04/08/2016,"COST PLUS WLD #44 LA JOLLA CA        746706  04/08",-1.79,DEBIT_CARD,4831.70,,
DEBIT,04/08/2016,"99 RANCH  7330 CLAIREM SAN DIEGO CA          04/08",-32.88,DEBIT_CARD,4833.49,,
DEBIT,04/07/2016,"UC SAN DIEGO LA JOLLA CA             217960  04/06",-1.04,DEBIT_CARD,4866.37,,
DEBIT,04/07/2016,"SANTORINI GREEK ISLAND LA JOLLA CA           04/07",-4.62,DEBIT_CARD,4867.41,,
DEBIT,04/07/2016,"BURGER KING #16576 LA JOLLA CA               04/06",-5.40,DEBIT_CARD,4872.03,,
DEBIT,04/06/2016,"UC SAN DIEGO LA JOLLA CA             544022  04/06",-1.04,DEBIT_CARD,4877.43,,
DEBIT,04/06/2016,"UCSD HDH VENTANAS LA JOLLA CA                04/05",-2.74,DEBIT_CARD,4878.47,,
DEBIT,04/06/2016,"BELLA VISTA CLUB & CAFF LA JOLLA CA          04/06",-7.51,DEBIT_CARD,4881.21,,
CREDIT,04/06/2016,"U.C. SAN DIEGO   UCSD PAYRL                 PPD ID: 1956006144",109.11,ACH_CREDIT,4888.72,,
DEBIT,04/05/2016,"PAYPAL           INST XFER  TRAFFICSCHO     WEB ID: PAYPALSI77",-16.32,ACH_DEBIT,4779.61,,
DEBIT,04/05/2016,"R AND V MANAGEME RENTAL     120868016       WEB ID: 1330808047",-699.84,ACH_DEBIT,4795.93,,
DEBIT,04/05/2016,"TEA CREATIONS INC SAN DIEGO CA               04/02",-5.72,DEBIT_CARD,5495.77,,
DEBIT,04/04/2016,"TWC*TIME WARNER CABLE 888-TWCABLE CA         04/03",-34.99,DEBIT_CARD,5501.49,,
DEBIT,04/04/2016,"UCSD HDH EARLS PLACE LA JOLLA CA             04/03",-4.64,DEBIT_CARD,5536.48,,
DEBIT,04/04/2016,"UCSD HDH CANYON VISTA LA JOLLA CA            04/03",-5.95,DEBIT_CARD,5541.12,,
DEBIT,04/04/2016,"COST PLUS WLD #44 LA JOLLA CA                04/03",-7.84,DEBIT_CARD,5547.07,,
DEBIT,04/04/2016,"SLATER`S 50/50 SAN DIEGO CA                  04/02",-20.00,DEBIT_CARD,5554.91,,
DEBIT,04/04/2016,"AMAZON MKTPLACE PMTS AMZN.COM/BILL WA        04/02",-38.97,DEBIT_CARD,5574.91,,
DEBIT,04/04/2016,"TAPIOCA EXPRESS SAN DIEGO CA                 03/31",-8.87,DEBIT_CARD,5613.88,,
DEBIT,04/01/2016,"TRADER JOE'S # 020 LA JOLLA CA       685088  04/01",-4.59,DEBIT_CARD,5622.75,,
DEBIT,04/01/2016,"RALPHS 8657 VIL LA JOL LA JOLLA CA   603305  04/01",-2.49,DEBIT_CARD,5627.34,,
DEBIT,04/01/2016,"UC SAN DIEGO LA JOLLA CA             505665  03/31",-1.99,DEBIT_CARD,5629.83,,
DEBIT,04/01/2016,"BURGER KING #16576 LA JOLLA CA               03/31",-5.61,DEBIT_CARD,5631.82,,
DSLIP,04/01/2016,"REMOTE ONLINE DEPOSIT #          1",305.65,CHECK_DEPOSIT,5637.43,1,
DEBIT,03/31/2016,"UCSD-BOOKSTORES LA JOLLA CA                  03/30",-1.04,DEBIT_CARD,5331.78,,
DEBIT,03/31/2016,"TAPIOCA EXPRESS SAN DIEGO CA                 03/29",-4.59,DEBIT_CARD,5332.82,,
DEBIT,03/30/2016,"RALPHS 8657 VIL LA JOL LA JOLLA CA   525492  03/30",-12.17,DEBIT_CARD,5337.41,,
DEBIT,03/30/2016,"SANTORINI GREEK ISLAND LA JOLLA CA           03/30",-5.92,DEBIT_CARD,5349.58,,
DEBIT,03/30/2016,"UCSD-BOOKSTORES LA JOLLA CA                  03/29",-1.04,DEBIT_CARD,5355.50,,
DEBIT,03/30/2016,"YOGURT WORLD MIRA MESA SAN DIEGO CA          03/29",-3.19,DEBIT_CARD,5356.54,,
DEBIT,03/30/2016,"BURGER KING #16576 LA JOLLA CA               03/29",-2.47,DEBIT_CARD,5359.73,,
DEBIT,03/29/2016,"GOOGLE *YouTube g.co/payhelp# CA             03/29",-14.99,DEBIT_CARD,5362.20,,
DEBIT,03/29/2016,"JAMBA JUICE #371 LA JOLLA CA                 03/28",-6.29,DEBIT_CARD,5377.19,,
DEBIT,03/28/2016,"UC SAN DIEGO LA JOLLA CA             725856  03/28",-8.05,DEBIT_CARD,5383.48,,
DEBIT,03/28/2016,"RALPHS 8657 VIL LA JOL LA JOLLA CA   964684  03/26",-7.69,DEBIT_CARD,5391.53,,
DEBIT,03/28/2016,"CHEVRON 0302222 ANAHEIM CA                   03/26",-1.44,DEBIT_CARD,5399.22,,
DEBIT,03/28/2016,"CHEVRON 0092133 COALINGA CA                  03/26",-2.15,DEBIT_CARD,5400.66,,
DEBIT,03/28/2016,"VENMO 855-812-4430 NY                        03/27",-40.00,DEBIT_CARD,5402.81,,
DEBIT,03/28/2016,"BART-CLIPPER CERRITO N EL CERRITO CA         03/26",-20.00,DEBIT_CARD,5442.81,,
DEBIT,03/28/2016,"IN-N-OUT BURGER #274 PLEASANT HILL CA        03/25",-5.64,DEBIT_CARD,5462.81,,
CREDIT,03/28/2016,"ATM CASH DEPOSIT 03/28 9700 GILMAN DR LA JOLLA CA",610.00,ATM,5468.45,,
DEBIT,03/25/2016,"SUPER STOP BENICIA CA                000060  03/25",-1.63,DEBIT_CARD,4858.45,,
DEBIT,03/25/2016,"THE HABIT-VALLEJO #72 VALLEJO CA             03/24",-3.75,DEBIT_CARD,4860.08,,
DEBIT,03/25/2016,"SEOUL JUNG CONCORD CA                        03/23",-23.79,DEBIT_CARD,4863.83,,
CREDIT,03/25/2016,"U.C. SAN DIEGO   UCSD APACH                 PPD ID: 3956006144",3441.57,ACH_CREDIT,4887.62,,
DEBIT,03/24/2016,"FANDANGO.COM FANDANGO.COM CA                 03/24",-51.40,DEBIT_CARD,1446.05,,
DEBIT,03/24/2016,"BURGER KING #2382 SAN FRANCISCO CA           03/23",-3.03,DEBIT_CARD,1497.45,,
DEBIT,03/23/2016,"GOOGLE *YouTube g.co/payhelp# CA             03/23",-9.99,DEBIT_CARD,1500.48,,
DEBIT,03/23/2016,"WALGREENS #15567 SAN FRANCISCO CA            03/22",-1.67,DEBIT_CARD,1510.47,,
DEBIT,03/23/2016,"SUSHIRRITO NEW MONT SAN FRANCISCO CA         03/23",-12.00,DEBIT_CARD,1512.14,,
CREDIT,03/23/2016,"U.C. SAN DIEGO   UCSD PAYRL                 PPD ID: 1956006144",235.99,ACH_CREDIT,1524.14,,
DEBIT,03/22/2016,"99 MARKET 1795 WILLOW CONCORD CA             03/22",-6.95,DEBIT_CARD,1288.15,,
DEBIT,03/22/2016,"CORNER STORE 3789 BENICIA CA         044297  03/22",-33.82,DEBIT_CARD,1295.10,,
DEBIT,03/22/2016,"IN-N-OUT BURGER #274 PLEASANT HILL CA        03/21",-5.64,DEBIT_CARD,1328.92,,
DEBIT,03/22/2016,"JAVA POINT CAFE BENICIA CA                   03/21",-10.05,DEBIT_CARD,1334.56,,
DEBIT,03/21/2016,"WINGSTOP 0324 VALLEJO CA                     03/20",-3.90,DEBIT_CARD,1344.61,,
DEBIT,03/21/2016,"CENTURY THEATRES 445 VALLEJO CA              03/20",-10.75,DEBIT_CARD,1348.51,,
DEBIT,03/21/2016,"SAFEWAY  STORE  0774 BENICIA CA      610891  03/19",-4.99,DEBIT_CARD,1359.26,,
DEBIT,03/21/2016,"BART-CLIPPER EMBARCA SAN FRANCISCO CA        03/19",-20.00,DEBIT_CARD,1364.25,,
DEBIT,03/21/2016,"ROTTEN ROBBIE #59 SANTA NELLA CA     124762  03/19",-1.39,DEBIT_CARD,1384.25,,
DEBIT,03/21/2016,"AMAZON MKTPLACE PMTS AMZN.COM/BILL WA        03/19",-9.99,DEBIT_CARD,1385.64,,
DEBIT,03/21/2016,"VENMO 855-812-4430 NY                        03/20",-40.00,DEBIT_CARD,1395.63,,
DEBIT,03/21/2016,"VALLARTA EXPRESS SAN DIEGO CA                03/19",-2.32,DEBIT_CARD,1435.63,,
DEBIT,03/21/2016,"85C BAKERY CAFE USA SAN DIEGO CA             03/18",-12.40,DEBIT_CARD,1437.95,,
DEBIT,03/21/2016,"UCSD HDH EARLS PLACE LA JOLLA CA             03/18",-5.40,DEBIT_CARD,1450.35,,
DEBIT,03/21/2016,"TAPIOCA EXPRESS SAN DIEGO CA                 03/17",-8.00,DEBIT_CARD,1455.75,,
DEBIT,03/17/2016,"PAYPAL           INST XFER  BENDANG202      WEB ID: PAYPALSI77",-0.80,ACH_DEBIT,1463.75,,
DEBIT,03/17/2016,"ATM WITHDRAWAL                       005970  03/179700 GILM",-40.00,ATM,1464.55,,
DEBIT,03/17/2016,"JAMBA JUICE #16 LA JOLLA CA                  03/16",-6.29,DEBIT_CARD,1504.55,,
DEBIT,03/16/2016,"RALPHS 8657 VIL LA JOL LA JOLLA CA           03/16 Purchase $9.78 Cash Back $20.00",-29.78,DEBIT_CARD,1510.84,,
DEBIT,03/16/2016,"YOGURT WORLD MIRA MESA SAN DIEGO CA          03/15",-4.54,DEBIT_CARD,1540.62,,
DEBIT,03/15/2016,"JAMBA JUICE #16 LA JOLLA CA                  03/14",-6.29,DEBIT_CARD,1545.16,,
DEBIT,03/15/2016,"TAPIOCA EXPRESS SAN DIEGO CA                 03/13",-3.75,DEBIT_CARD,1551.45,,
DEBIT,03/14/2016,"UBER TECHNOLOGIES INC 866-576-1039 CA        03/13",-4.75,DEBIT_CARD,1555.20,,
DEBIT,03/14/2016,"RALPHS 8657 VIL LA JOL LA JOLLA CA   732553  03/12",-3.25,DEBIT_CARD,1559.95,,
DEBIT,03/14/2016,"UCSD HDH PINES LA JOLLA CA                   03/12",-1.39,DEBIT_CARD,1563.20,,
DEBIT,03/14/2016,"RALPHS 8657 VIL LA JOL LA JOLLA CA   707789  03/12",-3.99,DEBIT_CARD,1564.59,,
DEBIT,03/14/2016,"TAPIOCA EXPRESS SAN DIEGO CA                 03/11",-3.25,DEBIT_CARD,1568.58,,
DEBIT,03/14/2016,"BURGER KING #16576 LA JOLLA CA               03/11",-4.32,DEBIT_CARD,1571.83,,
DEBIT,03/11/2016,"RALPHS 8657 VIL LA JOL LA JOLLA CA   641510  03/11",-3.14,DEBIT_CARD,1576.15,,
DEBIT,03/11/2016,"RALPHS 8657 VIL LA JOL LA JOLLA CA   909957  03/10",-5.58,DEBIT_CARD,1579.29,,
DEBIT,03/11/2016,"CHIPOTLE 0107 LA JOLLA CA                    03/10",-8.32,DEBIT_CARD,1584.87,,
DEBIT,03/10/2016,"RALPHS 8657 VIL LA JOL LA JOLLA CA   711887  03/10",-4.28,DEBIT_CARD,1593.19,,
DEBIT,03/10/2016,"VENMO 855-812-4430 NY                        03/09",-10.80,DEBIT_CARD,1597.47,,
DEBIT,03/09/2016,"RALPHS 8657 VIL LA JOL LA JOLLA CA   514741  03/09",-4.46,DEBIT_CARD,1608.27,,
DEBIT,03/09/2016,"VENMO 855-812-4430 NY                        03/08",-52.23,DEBIT_CARD,1612.73,,
DEBIT,03/08/2016,"UCSD STARBUCKS PRICE CT LA JOLLA CA          03/07",-25.00,DEBIT_CARD,1664.96,,
DEBIT,03/08/2016,"AMAZON MKTPLACE PMTS AMZN.COM/BILL WA        03/08",-12.89,DEBIT_CARD,1689.96,,
DEBIT,03/07/2016,"RALPHS 8657 VIL LA JOL LA JOLLA CA   526240  03/06",-4.58,DEBIT_CARD,1702.85,,
DEBIT,03/07/2016,"RALPHS 8657 VIL LA JOL LA JOLLA CA   616807  03/06",-2.95,DEBIT_CARD,1707.43,,
DEBIT,03/07/2016,"AMAZON MKTPLACE PMTS AMZN.COM/BILL WA        03/05",-8.89,DEBIT_CARD,1710.38,,
DEBIT,03/03/2016,"TWC*TIME WARNER CABLE 888-TWCABLE CA         03/03",-34.99,DEBIT_CARD,1719.27,,
DEBIT,03/03/2016,"R AND V MANAGEME RENTAL     117514571       WEB ID: 1330808047",-701.07,ACH_DEBIT,1754.26,,
DEBIT,03/03/2016,"RALPHS 8657 VIL LA JOL LA JOLLA CA   740502  03/03",-6.56,DEBIT_CARD,2455.33,,
DEBIT,03/03/2016,"SANTORINI GREEK ISLAND LA JOLLA CA           03/03",-8.61,DEBIT_CARD,2461.89,,
DEBIT,03/03/2016,"TAPIOCA EXPRESS SAN DIEGO CA                 03/01",-3.51,DEBIT_CARD,2470.50,,
DEBIT,03/02/2016,"UCSD HDH ROGERS PLACE LA JOLLA CA            03/01",-3.18,DEBIT_CARD,2474.01,,
DEBIT,03/01/2016,"AHI SUSHI AND GRILL SAN DIEGO CA             02/28",-9.94,DEBIT_CARD,2477.19,,
DEBIT,02/29/2016,"TEA N MORE SAN DIEGO CA                      02/28",-4.32,DEBIT_CARD,2487.13,,
DEBIT,02/29/2016,"RALPHS 8657 VIL LA JOL LA JOLLA CA   813451  02/27",-11.08,DEBIT_CARD,2491.45,,
DEBIT,02/26/2016,"VENMO 855-812-4430 NY                        02/25",-10.80,DEBIT_CARD,2502.53,,
DEBIT,02/25/2016,"RALPHS 8657 VIL LA JOL LA JOLLA CA   906598  02/25",-5.67,DEBIT_CARD,2513.33,,
DSLIP,02/25/2016,"REMOTE ONLINE DEPOSIT #          1",309.69,CHECK_DEPOSIT,2519.00,1,
DEBIT,02/24/2016,"PETSMART INC 1158 LA JOLLA CA        841718  02/24",-3.02,DEBIT_CARD,2209.31,,
DEBIT,02/24/2016,"UCSD HDH ROGERS PLACE LA JOLLA CA            02/23",-1.59,DEBIT_CARD,2212.33,,
DEBIT,02/24/2016,"JAMBA JUICE #371 LA JOLLA CA                 02/23",-6.29,DEBIT_CARD,2213.92,,
DEBIT,02/23/2016,"PETSMART INC 1158 LA JOLLA CA        559281  02/23",-7.02,DEBIT_CARD,2220.21,,
DEBIT,02/23/2016,"YOGURT WORLD MIRA MESA SAN DIEGO CA          02/22",-4.09,DEBIT_CARD,2227.23,,
DEBIT,02/23/2016,"JAMBA JUICE #371 LA JOLLA CA                 02/22",-6.29,DEBIT_CARD,2231.32,,
DEBIT,02/22/2016,"SQ *CAFE HUE SAN DIEGO CA                    02/21",-6.75,DEBIT_CARD,2237.61,,
DEBIT,02/22/2016,"85C BAKERY CAFE USA SAN DIEGO CA             02/21",-18.66,DEBIT_CARD,2244.36,,
DEBIT,02/22/2016,"RALPHS 8657 VIL LA JOL LA JOLLA CA   627283  02/20",-3.99,DEBIT_CARD,2263.02,,
DEBIT,02/22/2016,"TAPIOCA EXPRESS SAN DIEGO CA                 02/18",-3.75,DEBIT_CARD,2267.01,,
DEBIT,02/22/2016,"VENMO 855-812-4430 NY                        02/19",-6.36,DEBIT_CARD,2270.76,,
DEBIT,02/19/2016,"UC SAN DIEGO LA JOLLA CA             200763  02/19",-3.55,DEBIT_CARD,2277.12,,
DEBIT,02/19/2016,"85C BAKERY CAFE USA SAN DIEGO CA             02/18",-4.00,DEBIT_CARD,2280.67,,
DEBIT,02/19/2016,"85C BAKERY CAFE USA SAN DIEGO CA             02/18",-15.53,DEBIT_CARD,2284.67,,
DEBIT,02/18/2016,"UC SAN DIEGO LA JOLLA CA             698269  02/18",-1.49,DEBIT_CARD,2300.20,,
DEBIT,02/17/2016,"TRADER JOE'S #020  QPS LAJOLLA CA            02/16",-3.09,DEBIT_CARD,2301.69,,
DEBIT,02/17/2016,"SANTORINI GREEK ISLAND LA JOLLA CA           02/17",-8.61,DEBIT_CARD,2304.78,,
DEBIT,02/17/2016,"AMAZON MKTPLACE PMTS AMZN.COM/BILL WA        02/17",-9.95,DEBIT_CARD,2313.39,,
DEBIT,02/17/2016,"CLAIREMNT TOWNSQ THEATE SAN DIEGO CA         02/15",-9.75,DEBIT_CARD,2323.34,,
DSLIP,02/17/2016,"REMOTE ONLINE DEPOSIT #          1",50.75,CHECK_DEPOSIT,2333.09,1,
DEBIT,02/16/2016,"MI TEA EXPRESS SAN DIEGO CA                  02/15",-4.28,DEBIT_CARD,2282.34,,
DEBIT,02/16/2016,"RALPHS 8657 VIL LA JOL LA JOLLA CA   932943  02/13",-3.23,DEBIT_CARD,2286.62,,
DEBIT,02/16/2016,"RALPHS 8657 VIL LA JOL LA JOLLA CA   709442  02/13",-2.49,DEBIT_CARD,2289.85,,
DEBIT,02/16/2016,"VENMO 855-812-4430 NY                        02/14",-22.17,DEBIT_CARD,2292.34,,
DEBIT,02/16/2016,"AMAZON MKTPLACE PMTS AMZN.COM/BILL WA        02/14",-10.70,DEBIT_CARD,2314.51,,
DEBIT,02/16/2016,"BOMBAY COAST LA JOLLA CA                     02/11",-2.97,DEBIT_CARD,2325.21,,
DEBIT,02/16/2016,"TAPIOCA EXPRESS SAN DIEGO CA                 02/11",-5.00,DEBIT_CARD,2328.18,,
DEBIT,02/11/2016,"RALPHS 8657 VIL LA JOL LA JOLLA CA   614285  02/11",-0.89,DEBIT_CARD,2333.18,,
DEBIT,02/10/2016,"RALPHS 8657 VIL LA JOL LA JOLLA CA   464017  02/10",-3.14,DEBIT_CARD,2334.07,,
DEBIT,02/10/2016,"TEA CREATIONS INC SAN DIEGO CA               02/08",-8.37,DEBIT_CARD,2337.21,,
DEBIT,02/10/2016,"LOLITA'S TACO SHOP SAN DIEGO CA              02/08",-10.80,DEBIT_CARD,2345.58,,
DEBIT,02/08/2016,"RALPHS 8657 VIL LA JOL LA JOLLA CA   447938  02/06",-32.66,DEBIT_CARD,2356.38,,
DEBIT,02/08/2016,"85C BAKERY CAFE USA SAN DIEGO CA             02/06",-3.79,DEBIT_CARD,2389.04,,
DEBIT,02/08/2016,"VALLARTA EXPRESS SAN DIEGO CA                02/06",-6.16,DEBIT_CARD,2392.83,,
DEBIT,02/08/2016,"TARGET T- 5680 Balboa San Diego CA           02/06",-29.53,DEBIT_CARD,2398.99,,
DEBIT,02/08/2016,"RAMEN YAMADAYA SDC SAN DIEGO CA              02/05",-30.40,DEBIT_CARD,2428.52,,
DEBIT,02/08/2016,"TAPIOCA EXPRESS SAN DIEGO CA                 02/04",-5.35,DEBIT_CARD,2458.92,,
DEBIT,02/08/2016,"TAPIOCA EXPRESS SAN DIEGO CA                 02/04",-5.25,DEBIT_CARD,2464.27,,
DEBIT,02/08/2016,"TAPIOCA EXPRESS SAN DIEGO CA                 02/04",-5.35,DEBIT_CARD,2469.52,,
DEBIT,02/05/2016,"UC SAN DIEGO LA JOLLA CA             602769  02/05",-1.49,DEBIT_CARD,2474.87,,
DEBIT,02/03/2016,"TWC*TIME WARNER CABLE 888-TWCABLE CA         02/03",-34.99,DEBIT_CARD,2476.36,,
DEBIT,02/03/2016,"R AND V MANAGEME RENTAL     114616887       WEB ID: 1330808047",-701.15,ACH_DEBIT,2511.35,,
DEBIT,02/03/2016,"SANTORINI GREEK ISLAND LA JOLLA CA           02/03",-8.61,DEBIT_CARD,3212.50,,
DEBIT,02/02/2016,"RALPHS 8657 VIL LA JOL LA JOLLA CA   837993  02/01",-5.12,DEBIT_CARD,3221.11,,
DEBIT,02/01/2016,"RALPHS 8657 VIL LA JOL LA JOLLA CA   855257  01/30",-2.26,DEBIT_CARD,3226.23,,
DEBIT,02/01/2016,"RALPHS 8657 VIL LA JOL LA JOLLA CA   735775  01/30",-14.36,DEBIT_CARD,3228.49,,
DEBIT,01/29/2016,"HI THAI ASIAN CUISINE 858-558-4606 CA        01/29",-10.10,DEBIT_CARD,3242.85,,
DEBIT,01/27/2016,"PANDA EXPRESS #786 LA JOLLA CA               01/26",-2.38,DEBIT_CARD,3252.95,,
DEBIT,01/26/2016,"RALPHS 8657 VIL LA JOL LA JOLLA CA   648069  01/26",-5.92,DEBIT_CARD,3255.33,,
DEBIT,01/26/2016,"PANDA EXPRESS #786 LA JOLLA CA               01/25",-2.38,DEBIT_CARD,3261.25,,
DEBIT,01/25/2016,"RALPHS 8657 VIL LA JOL LA JOLLA CA   210617  01/25",-15.90,DEBIT_CARD,3263.63,,
DEBIT,01/25/2016,"UC SAN DIEGO LA JOLLA CA             532635  01/25",-1.59,DEBIT_CARD,3279.53,,
DEBIT,01/25/2016,"VILLAGE SQUARE APT LA JOLLA CA               01/23",-20.00,DEBIT_CARD,3281.12,,
DEBIT,01/25/2016,"TRADER JOE'S #020  QPS LAJOLLA CA            01/23",-2.99,DEBIT_CARD,3301.12,,
DEBIT,01/25/2016,"RALPHS 8657 VIL LA JOL LA JOLLA CA   560370  01/23",-15.01,DEBIT_CARD,3304.11,,
DEBIT,01/25/2016,"YOGURT WORLD MIRA MESA SAN DIEGO CA          01/23",-6.28,DEBIT_CARD,3319.12,,
DEBIT,01/25/2016,"BOMBAY COAST LA JOLLA CA                     01/21",-8.37,DEBIT_CARD,3325.40,,
DEBIT,01/22/2016,"RUBIO'S #165 LA JOLLA CA                     01/21",-2.47,DEBIT_CARD,3333.77,,
DEBIT,01/22/2016,"LA JOLLA VILLAGE SMILES LAJOLLA CA           01/20",-1232.00,DEBIT_CARD,3336.24,,
DEBIT,01/21/2016,"SANTORINI GREEK ISLAND LA JOLLA CA           01/20",-2.68,DEBIT_CARD,4568.24,,
DEBIT,01/20/2016,"RALPHS 8657 VIL LA JOL LA JOLLA CA   607309  01/20",-22.61,DEBIT_CARD,4570.92,,
DEBIT,01/19/2016,"RALPHS 8657 VIL LA JOL LA JOLLA CA   708045  01/18",-8.68,DEBIT_CARD,4593.53,,
DEBIT,01/19/2016,"RALPHS 8657 VIL LA JOL LA JOLLA CA   600442  01/17",-6.04,DEBIT_CARD,4602.21,,
DEBIT,01/19/2016,"VENMO 855-812-4430 NY                        01/15",-8.00,DEBIT_CARD,4608.25,,
DEBIT,01/19/2016,"AMAZON MKTPLACE PMTS AMZN.COM/BILL WA        01/15",-14.99,DEBIT_CARD,4616.25,,
DEBIT,01/15/2016,"RUBIO'S #165 LA JOLLA CA                     01/14",-2.47,DEBIT_CARD,4631.24,,
DEBIT,01/12/2016,"STARBUCKS #00644 LA JOL La Jolla CA          01/11",-5.00,DEBIT_CARD,4633.71,,
DEBIT,01/11/2016,"DOMINO'S 8407 310-473-6575 CA                01/10",-12.94,DEBIT_CARD,4638.71,,
DEBIT,01/11/2016,"RALPHS 8657 VIL LA JOL LA JOLLA CA   907486  01/09",-3.09,DEBIT_CARD,4651.65,,
DEBIT,01/11/2016,"RALPHS 8657 VIL LA JOL LA JOLLA CA   613830  01/09",-13.46,DEBIT_CARD,4654.74,,
DEBIT,01/06/2016,"RUBIO'S #165 LA JOLLA CA                     01/05",-2.47,DEBIT_CARD,4668.20,,
DEBIT,01/06/2016,"Amazon.com AMZN.COM/BILL WA                  01/06",-18.14,DEBIT_CARD,4670.67,,
DEBIT,01/05/2016,"R AND V MANAGEME RENTAL     111987921       WEB ID: 1330808047",-699.75,ACH_DEBIT,4688.81,,
DEBIT,01/05/2016,"RALPHS 8657 VIL LA JOL LA JOLLA CA   853021  01/05",-4.18,DEBIT_CARD,5388.56,,
DEBIT,01/05/2016,"Amazon.com AMZN.COM/BILL WA                  01/05",-28.68,DEBIT_CARD,5392.74,,
DEBIT,01/05/2016,"Amazon.com AMZN.COM/BILL WA                  01/05",-11.30,DEBIT_CARD,5421.42,,
DEBIT,01/04/2016,"PAYPAL           INST XFER  LYFT            WEB ID: PAYPALSI77",-24.27,ACH_DEBIT,5432.72,,
DEBIT,01/04/2016,"TWC*TIME WARNER CABLE 888-TWCABLE CA         01/03",-34.99,DEBIT_CARD,5456.99,,
DEBIT,01/04/2016,"RALPHS 8657 VIL LA JOL LA JOLLA CA   654414  01/04",-3.09,DEBIT_CARD,5491.98,,
DEBIT,01/04/2016,"TRADER JOE'S #020  QPS LAJOLLA CA            01/03",-6.08,DEBIT_CARD,5495.07,,
DEBIT,01/04/2016,"RALPHS 8657 VIL LA JOL LA JOLLA CA   658279  01/03",-19.41,DEBIT_CARD,5501.15,,
DEBIT,01/04/2016,"CENTURY THEATRES 445 VALLEJO CA              01/01",-10.75,DEBIT_CARD,5520.56,,
DEBIT,01/04/2016,"VENMO 855-812-4430 NY                        01/02",-3.40,DEBIT_CARD,5531.31,,
DEBIT,01/04/2016,"TARGET T- 904 Admiral Vallejo CA             01/01",-13.01,DEBIT_CARD,5534.71,,
DEBIT,01/04/2016,"VENMO 855-812-4430 NY                        01/01",-18.52,DEBIT_CARD,5547.72,,
CREDIT,01/04/2016,"ATM CASH DEPOSIT 01/04 8807 VILLA LA JOLLA DR LA JOLLA CA",430.00,ATM,5566.24,,
DEBIT,12/31/2015,"99 MARKET #1073 1795 W CONCORD CA    932486  12/31",-2.99,DEBIT_CARD,5136.24,,
DEBIT,12/31/2015,"IN-N-OUT BURGER #120 PINOLE CA               12/30",-5.15,DEBIT_CARD,5139.23,,
DEBIT,12/31/2015,"IN-N-OUT BURGER #120 PINOLE CA               12/30",-2.24,DEBIT_CARD,5144.38,,
DEBIT,12/31/2015,"CREAM OF BERKELEY BERKELEY CA                12/30",-1.99,DEBIT_CARD,5146.62,,
DEBIT,12/31/2015,"CHEVRON 0092661 BENICIA CA                   12/30",-26.10,DEBIT_CARD,5148.61,,
DEBIT,12/31/2015,"GOOGNFC* MCDONALD'S F34 FAIRFIELD CA         12/29",-1.62,DEBIT_CARD,5174.71,,
CREDIT,12/31/2015,"U.C. SAN DIEGO   UCSD APACH                 PPD ID: 3956006144",3428.07,ACH_CREDIT,5176.33,,
DEBIT,12/29/2015,"TACO BELL 27438 FAIRFIELD CA                 12/28",-1.09,DEBIT_CARD,1748.26,,
DEBIT,12/29/2015,"MCDONALD'S F31541 AMERICAN CANY CA           12/27",-1.50,DEBIT_CARD,1749.35,,
DEBIT,12/28/2015,"PAYPAL           INST XFER  CMASON2015      WEB ID: PAYPALSI77",-5.03,ACH_DEBIT,1750.85,,
DEBIT,12/28/2015,"WM SUPERC Wal-Mart S AMERICAN CANY CA        12/27",-11.96,DEBIT_CARD,1755.88,,
DEBIT,12/28/2015,"MCDONALD'S F22138 VALLEJO CA                 12/27",-3.80,DEBIT_CARD,1767.84,,
DEBIT,12/28/2015,"MCDONALD'S F22138 VALLEJO CA                 12/26",-1.09,DEBIT_CARD,1771.64,,
DEBIT,12/28/2015,"CHEVRON 0090319 VALLEJO CA                   12/25",-32.80,DEBIT_CARD,1772.73,,
DEBIT,12/23/2015,"TACO BELL 30752 BENICIA CA                   12/22",-2.05,DEBIT_CARD,1805.53,,
DEBIT,12/23/2015,"QUICKLY VALLEJO CA                           12/22",-3.00,DEBIT_CARD,1807.58,,
DEBIT,12/23/2015,"SURUKIS SUSHI AND TERIY VALLEJO CA           12/22",-1.90,DEBIT_CARD,1810.58,,
DEBIT,12/22/2015,"FIVE GUYS #CA-1484 FAIRFIELD CA              12/21",-8.89,DEBIT_CARD,1812.48,,
DEBIT,12/21/2015,"IN-N-OUT BURGER #125 FAIRFIELD CA            12/18",-3.91,DEBIT_CARD,1821.37,,
DEBIT,12/21/2015,"INFINITI OF FAIRFIELD FAIRFIELD CA           12/18",-650.78,DEBIT_CARD,1825.28,,
CREDIT,12/21/2015,"ATM CASH DEPOSIT 12/21 972 ADMIRAL CALLAGHAN LN VALLEJO CA",632.00,ATM,2476.06,,
DEBIT,12/18/2015,"RUBIO'S #155 EMERYVILLE CA                   12/17",-11.04,DEBIT_CARD,1844.06,,
DEBIT,12/18/2015,"BURGER KING #3908 BENICIA CA                 12/17",-2.70,DEBIT_CARD,1855.10,,
DEBIT,12/18/2015,"CHEVRON 0090319 VALLEJO CA                   12/17",-27.51,DEBIT_CARD,1857.80,,
DEBIT,12/18/2015,"SWEET FACTORY-CONCORD CONCORD CA             12/16",-3.99,DEBIT_CARD,1885.31,,
DEBIT,12/18/2015,"TOMI SUSHI SEAFOOD BUFF CONCORD CA           12/16",-16.30,DEBIT_CARD,1889.30,,
DEBIT,12/17/2015,"VENMO 855-812-4430 NY                        12/16",-21.00,DEBIT_CARD,1905.60,,
DEBIT,12/16/2015,"CHICK-FIL-A #03343 VELLEJO CA                12/14",-4.12,DEBIT_CARD,1926.60,,
DEBIT,12/15/2015,"SAFEWAY STORE  1883 AMERICAN CANY CA 986335  12/14",-9.34,DEBIT_CARD,1930.72,,
DEBIT,12/14/2015,"UBER TECHNOLOGIES INC 866-576-1039 CA        12/11",-7.27,DEBIT_CARD,1940.06,,
DEBIT,12/11/2015,"RALPHS 8657 VIL LA JOL LA JOLLA CA   245611  12/11",-1.00,DEBIT_CARD,1947.33,,
DEBIT,12/08/2015,"TRADER JOE'S #020  QPS LAJOLLA CA            12/07",-3.49,DEBIT_CARD,1948.33,,
DEBIT,12/07/2015,"RALPHS 8657 VIL LA JOL LA JOLLA CA   620397  12/05",-23.05,DEBIT_CARD,1951.82,,
DEBIT,12/04/2015,"POSTMATES FREE STARBU 800-882-6106 CA        12/03",-1.31,DEBIT_CARD,1974.87,,
DEBIT,12/03/2015,"TWC*TIME WARNER CABLE 888-TWCABLE CA         12/03",-34.99,DEBIT_CARD,1976.18,,
DEBIT,12/03/2015,"R AND V MANAGEME RENTAL     109037329       WEB ID: 1330808047",-700.36,ACH_DEBIT,2011.17,,
DEBIT,12/03/2015,"UCSD TRITON SVCES 858-822-1255 CA            12/03",-100.00,DEBIT_CARD,2711.53,,
DEBIT,12/03/2015,"POSTMATES FREE STARB POSTMATES.COM CA        12/01",-1.31,DEBIT_CARD,2811.53,,
DEBIT,12/02/2015,"Amazon.com AMZN.COM/BILL WA                  12/02",-36.72,DEBIT_CARD,2812.84,,
DEBIT,12/01/2015,"POSTMATES FREE STARBU 800-882-6106 CA        11/30",-2.31,DEBIT_CARD,2849.56,,
DEBIT,11/30/2015,"RALPHS 8657 VIL LA JOL LA JOLLA CA   615850  11/30",-5.26,DEBIT_CARD,2851.87,,
DEBIT,11/30/2015,"TRADER JOE'S # 020 LA JOLLA CA       943521  11/28",-2.99,DEBIT_CARD,2857.13,,
DEBIT,11/30/2015,"RALPHS 8657 VIL LA JOL LA JOLLA CA   950541  11/28",-15.94,DEBIT_CARD,2860.12,,
DEBIT,11/30/2015,"VILLAGE SQUARE APT LA JOLLA CA               11/28",-10.00,DEBIT_CARD,2876.06,,
DEBIT,11/27/2015,"RALPHS 8657 VIL LA JOL LA JOLLA CA   604443  11/26",-7.54,DEBIT_CARD,2886.06,,
DEBIT,11/27/2015,"VENMO 855-812-4430 NY                        11/25",-10.00,DEBIT_CARD,2893.60,,
DEBIT,11/24/2015,"ATM WITHDRAWAL                       002615  11/249500 GILM",-20.00,ATM,2903.60,,
DEBIT,11/23/2015,"RALPHS 8657 VIL LA JOL LA JOLLA CA   843469  11/23",-6.96,DEBIT_CARD,2923.60,,
DEBIT,11/23/2015,"IN-N-OUT BURGER #69 SAN DIEGO CA             11/21",-4.32,DEBIT_CARD,2930.56,,
DEBIT,11/20/2015,"RALPHS 8657 VIL LA JOL LA JOLLA CA   938116  11/19",-6.97,DEBIT_CARD,2934.88,,
DEBIT,11/18/2015,"RALPHS 8657 VIL LA JOL LA JOLLA CA   936150  11/18",-6.45,DEBIT_CARD,2941.85,,
DEBIT,11/18/2015,"RALPHS 8657 VIL LA JOL LA JOLLA CA   943072  11/18",-20.36,DEBIT_CARD,2948.30,,
DEBIT,11/18/2015,"RALPHS 8657 VIL LA JOL LA JOLLA CA   800927  11/17",-1.19,DEBIT_CARD,2968.66,,
DEBIT,11/17/2015,"RALPHS 8657 VIL LA JOL LA JOLLA CA   718952  11/17",-1.00,DEBIT_CARD,2969.85,,
DEBIT,11/12/2015,"ATM WITHDRAWAL                       009014  11/128807 VILL",-40.00,ATM,2970.85,,
DEBIT,11/12/2015,"RALPHS 8657 VIL LA JOL LA JOLLA CA   230554  11/11",-18.34,DEBIT_CARD,3010.85,,
DEBIT,11/09/2015,"ATM WITHDRAWAL                       004607  11/099500 GILM",-20.00,ATM,3029.19,,
DEBIT,11/09/2015,"VILLAGE SQUARE APT LA JOLLA CA               11/05",-10.00,DEBIT_CARD,3049.19,,
DEBIT,11/06/2015,"ATM WITHDRAWAL                       008187  11/068807 VILL",-80.00,ATM,3059.19,,
DEBIT,11/06/2015,"RALPHS 8657 VIL LA JOL LA JOLLA CA   757010  11/06",-7.27,DEBIT_CARD,3139.19,,
DEBIT,11/05/2015,"RALPHS 8657 VIL LA JOL LA JOLLA CA   633581  11/05",-3.49,DEBIT_CARD,3146.46,,
DEBIT,11/04/2015,"RALPHS 8657 VIL LA JOL LA JOLLA CA   701372  11/04",-3.65,DEBIT_CARD,3149.95,,
DEBIT,11/04/2015,"POSTAL ANNEX&LA JOLLA LA JOLLA CA    942131  11/04",-12.00,DEBIT_CARD,3153.60,,
DEBIT,11/03/2015,"TWC*TIME WARNER CABLE 888-TWCABLE CA         11/03",-34.99,DEBIT_CARD,3165.60,,
DEBIT,11/03/2015,"R AND V MANAGEME RENTAL     106159617       WEB ID: 1330808047",-694.05,ACH_DEBIT,3200.59,,
DEBIT,11/03/2015,"UCSD TRITON SVCES 858-822-1255 CA            11/03",-50.00,DEBIT_CARD,3894.64,,
DEBIT,11/03/2015,"UCSD HDH CANYON VISTA LA JOLLA CA            11/02",-1.60,DEBIT_CARD,3944.64,,
DEBIT,11/02/2015,"RALPHS 8657 VIL LA JOL LA JOLLA CA   109917  11/02",-4.49,DEBIT_CARD,3946.24,,
DEBIT,11/02/2015,"RALPHS 8657 VIL LA JOL LA JOLLA CA   224967  11/01",-3.52,DEBIT_CARD,3950.73,,
DEBIT,11/02/2015,"RALPHS 8657 VIL LA JOL LA JOLLA CA   321379  10/31",-4.26,DEBIT_CARD,3954.25,,
DEBIT,11/02/2015,"UCSD STARBUCKS PRICE CT LA JOLLA CA          10/30",-5.00,DEBIT_CARD,3958.51,,
DEBIT,11/02/2015,"TAPIOCA EXPRESS SAN DIEGO CA                 10/29",-4.05,DEBIT_CARD,3963.51,,
DEBIT,10/28/2015,"RALPHS 8657 VIL LA JOL LA JOLLA CA   846903  10/28",-16.18,DEBIT_CARD,3967.56,,
DEBIT,10/26/2015,"RALPHS 8657 VIL LA JOL LA JOLLA CA   949944  10/25",-5.48,DEBIT_CARD,3983.74,,
DEBIT,10/26/2015,"RALPHS 8657 VIL LA JOL LA JOLLA CA   511613  10/23",-8.14,DEBIT_CARD,3989.22,,
DEBIT,10/23/2015,"RALPHS 8657 VIL LA JOL LA JOLLA CA   640295  10/23",-4.09,DEBIT_CARD,3997.36,,
DEBIT,10/21/2015,"ATM WITHDRAWAL                       003079  10/219500 GILM",-20.00,ATM,4001.45,,
DEBIT,10/21/2015,"ATM WITHDRAWAL                       000334  10/209500 GILM",-20.00,ATM,4021.45,,
DEBIT,10/19/2015,"CHIPOTLE 0107 LA JOLLA CA                    10/17",-8.32,DEBIT_CARD,4041.45,,
DEBIT,10/19/2015,"RUBIO'S #165 LA JOLLA CA                     10/16",-2.47,DEBIT_CARD,4049.77,,
DEBIT,10/13/2015,"Regents of UC    QuikPAY EP 353314203       WEB ID: 1364199567",-10.50,ACH_DEBIT,4052.24,,
DEBIT,10/09/2015,"POSTMATES FREE FROZEN 800-882-6106 CA        10/07",-2.25,DEBIT_CARD,4062.74,,
DEBIT,10/07/2015,"VILLAGE SQUARE APT LA JOLLA CA               10/05",-10.00,DEBIT_CARD,4064.99,,
DEBIT,10/07/2015,"VILLAGE SQUARE APT LA JOLLA CA               10/05",-5.00,DEBIT_CARD,4074.99,,
DEBIT,10/06/2015,"Regents of UC    QuikPAY EP 353214859       WEB ID: 1364199567",-20.50,ACH_DEBIT,4079.99,,
DEBIT,10/05/2015,"R AND V MANAGEME RENTAL     103637628       WEB ID: 1330808047",-342.67,ACH_DEBIT,4100.49,,
DEBIT,10/01/2015,"WALMART.COM 800966654 800-966-6546 AR        10/01",-7.65,DEBIT_CARD,4443.16,,
DEBIT,09/29/2015,"PAYPAL           INST XFER  BENDANG202      WEB ID: PAYPALSI77",-2.75,ACH_DEBIT,4450.81,,
DEBIT,09/29/2015,"VENMO 855-812-4430 NY                        09/28",-58.45,DEBIT_CARD,4453.56,,
DEBIT,09/29/2015,"VENMO 855-812-4430 NY                        09/28",-12.41,DEBIT_CARD,4512.01,,
DEBIT,09/28/2015,"PAYPAL           INST XFER  BENDANG202      WEB ID: PAYPALSI77",-1.00,ACH_DEBIT,4524.42,,
DEBIT,09/28/2015,"PAYPAL           INST XFER  BENDANG202      WEB ID: PAYPALSI77",-24.25,ACH_DEBIT,4525.42,,
DEBIT,09/28/2015,"VENMO 855-812-4430 NY                        09/25",-9.68,DEBIT_CARD,4549.67,,
DEBIT,09/25/2015,"BEST BUY #2505 LA JOLLA CA                   09/25",-5.38,DEBIT_CARD,4559.35,,
DEBIT,09/25/2015,"TWC*TIME WARNER CABLE 888-TWCABLE CA         09/25",-35.05,DEBIT_CARD,4564.73,,
CREDIT,09/25/2015,"U.C. SAN DIEGO   UCSD APACH                 PPD ID: 3956006144",1155.00,ACH_CREDIT,4599.78,,
CREDIT,09/24/2015,"U.C. SAN DIEGO   UCSD APACH                 PPD ID: 3956006144",2662.07,ACH_CREDIT,3444.78,,
DEBIT,09/23/2015,"WALMART.COM 800-966-6546 AR                  09/22",-55.08,DEBIT_CARD,782.71,,
DEBIT,09/22/2015,"IKEA - USA SAN DIEGO CA              062651  09/22",-94.72,DEBIT_CARD,837.79,,
DEBIT,09/21/2015,"Amazon.com AMZN.COM/BILL WA                  09/21",-101.52,DEBIT_CARD,932.51,,
DEBIT,09/21/2015,"VENMO 855-812-4430 NY                        09/18",-49.94,DEBIT_CARD,1034.03,,
DEBIT,09/17/2015,"R AND V MANAGEME RENTAL     102578331       WEB ID: 1330808047",-885.34,ACH_DEBIT,1083.97,,
DEBIT,09/17/2015,"VENMO 855-812-4430 NY                        09/16",-9.99,DEBIT_CARD,1969.31,,
DEBIT,09/16/2015,"033 CONCORD JOHNNY ROCK CONCORD CA           09/15",-26.32,DEBIT_CARD,1979.30,,
DEBIT,09/14/2015,"VENMO 855-812-4430 NY                        09/11",-78.28,DEBIT_CARD,2005.62,,
DEBIT,09/09/2015,"AMAZON MKTPLACE PMTS AMZN.COM/BILL WA        09/08",-9.97,DEBIT_CARD,2083.90,,
CREDIT,09/09/2015,"ATM CASH DEPOSIT 09/09 972 ADMIRAL CALLAGHAN LN VALLEJO CA",330.00,ATM,2093.87,,
CREDIT,09/09/2015,"ATM CASH DEPOSIT 09/09 972 ADMIRAL CALLAGHAN LN VALLEJO CA",750.00,ATM,1763.87,,
CREDIT,09/09/2015,"ATM CASH DEPOSIT 09/09 972 ADMIRAL CALLAGHAN LN VALLEJO CA",960.00,ATM,1013.87,,
DEBIT,08/20/2015,"CHEVRON 00090319 VALLEJO CA                  08/20",-5.00,DEBIT_CARD,53.87,,
DEBIT,08/20/2015,"GOOGNFC*MCDONALD'S F323 BENICIA CA           08/17",-2.17,DEBIT_CARD,58.87,,
DEBIT,08/17/2015,"MCDONALD'S F22138 VALLEJO CA                 08/14",-2.49,DEBIT_CARD,61.04,,
DEBIT,08/14/2015,"XPRESS GAS FAIRFIELD CA              604787  08/14",-20.00,DEBIT_CARD,63.53,,
DEBIT,08/13/2015,"SAFEWAY  STORE  0774 BENICIA CA      286991  08/13",-9.98,DEBIT_CARD,83.53,,
DEBIT,08/13/2015,"AMAZON MKTPLACE PMTS AMZN.COM/BILL WA        08/12",-58.89,DEBIT_CARD,93.51,,
DEBIT,08/10/2015,"AMAZON MKTPLACE PMTS AMZN.COM/BILL WA        08/10",-1.59,DEBIT_CARD,152.40,,
DEBIT,08/10/2015,"103 AMERICAN CANYON AMERICAN CANY CA 675073  08/08",-30.82,DEBIT_CARD,153.99,,
DEBIT,08/10/2015,"DIABLO ROCK GYM CONCORD CA                   08/06",-20.00,DEBIT_CARD,184.81,,
CREDIT,08/10/2015,"ATM CASH DEPOSIT 08/09 972 ADMIRAL CALLAGHAN LN VALLEJO CA",100.00,ATM,204.81,,
DEBIT,08/07/2015,"CHIPOTLE 0140 PLEASANT HILL CA               08/06",-8.95,DEBIT_CARD,104.81,,
CREDIT,08/05/2015,"ATM CASH DEPOSIT 08/05 972 ADMIRAL CALLAGHAN LN VALLEJO CA",60.00,ATM,113.76,,
DEBIT,08/04/2015,"CHEVRON 00092661 BENICIA CA                  08/03",-14.94,DEBIT_CARD,53.76,,
DEBIT,08/03/2015,"SOLANO COUNTY FAIR 7075512000 CA             08/01",-10.00,DEBIT_CARD,68.70,,
DEBIT,08/03/2015,"ATM WITHDRAWAL                       008832  08/01802 SOUTH",-20.00,ATM,78.70,,
